3354 5356
362 343 424 404 bill
854 345 1062 398 Andreaeacuae.

362 531 394 586 et
415 524 509 604 lyrata
533 521 690 604 apiculata,
715 520 873 602 superiora
896 519 1227 598 suboocblearilormia,
1250 519 1326 582 inira
1344 517 1474 582 medion
1488 517 1546 600 plus

362 627 460 690 minus
483 625 633 708 repanda,
669 625 706 688 ad
729 627 844 707 apicem
867 624 1136 707 hyalino-liubula
1169 632 1201 687 ct
1229 626 1428 688 minutissime
1458 639 1548 699 erosa,

361 731 549 797 amolitione
580 730 707 795 laxiore.
752 729 912 812 Perigonia
943 729 973 790 in
1004 729 1096 792 nmis
1135 731 1263 811 propriis
1291 730 1400 794 obtuse
1434 727 1549 812 gemni-

362 836 486 914 iormia,
511 831 666 916 tripbylla,
699 832 875 898 antheridiis
898 834 1003 916 paucis
1026 821 1325 916 brevi-pedieellatid
1341 833 1551 915 parapbysatis.

361 937 581 1002 Periobaetium
612 940 723 1018 breve,
756 957 774 1001 e
809 937 889 1000 loliis
919 935 941 1000 d
972 937 1019 1001 vel
1049 937 1069 1002 5
1102 939 1300 1020 compositum
1331 937 1551 1002 subeuuaolutis

362 1043 501 1126 oblongis
523 1043 649 1107 obtusis.
696 1041 823 1125 Capsula
842 1042 967 1126 ,longius
990 1050 1132 1121 exserta,
1162 1043 1241 1106 collo
1264 1045 1388 1126 spurio,
1412 1042 1451 1108 ad
1474 1043 1552 1108 basin

361 1167 458 1230 usque
481 1147 656 1232 quadrifida.
701 1146 802 1229 Bryol.
826 1165 891 1213 eur.
915 1146 963 1228 Vl,
987 1147 1058 1211 'lab
1083 1145 1156 1212 629.

361 1272 457 1336 Andr.
481 1272 647 1335 Hortnnuni
668 1271 791 1348 Taunus.
815 1271 847 1332 in
870 1269 1030 1336 Observat.
1047 1291 1074 1353 p.
1092 1271 1145 1350 77,
1161 1269 1232 1355 bgg.
1253 1271 1355 1334 1-17
1372 1279 1406 1333 et
1423 1269 1554 1336 23-25.

490 1375 541 1462 lla.
566 1383 597 1438 et
620 1375 684 1439 Sca.
707 1374 807 1456 Bryol.
832 1392 896 1438 eur.
942 1374 1057 1438 buaren
1082 1377 1209 1458 synope.
1248 1375 1553 1442 monstrauit

492 1480 542 1543 ed.
565 1479 594 1544 6.
641 1480 842 1543 Zemmsraor
863 1479 1002 1562 llonogr.
1023 1499 1052 1562 p.
1076 1477 1127 1544 34.

447 1601 550 1666 liubit.
573 1603 603 1665 in
627 1602 751 1666 summis
787 1601 1004 1666 Scandinauiae
1034 1603 1162 1685 Alpibus
1196 1585 1305 1666 versus
1335 1605 1415 1666 nivis
1440 1603 1554 1682 limites

360 1710 391 1771 in
414 1708 578 1770 rivulorum
601 1709 683 1772 saxis
708 1707 864 1790 irroratis3
889 1709 919 1770 in
936 1707 1106 1790 llerjedalia
1123 1707 1238 1789 primus
1256 1709 1370 1772 detexit
1386 1709 1554 1779 ammas.

361 1813 412 1895 qui
434 1812 563 1893 plantam
593 1813 622 1876 in
651 1811 837 1876 convallibus
866 1813 1058 1875 Midtudolen
1087 1819 1119 1874 et
1148 1813 1286 1876 Nedalen
1314 1815 1407 1898 legit,
1443 1815 1554 1896 ipsein

360 1915 486 1998 Alpibus
508 1917 717 1979 Dovreusibus
740 1935 830 1979 secus
853 1917 940 1978 nives
965 1914 1001 1978 ad
1026 1914 1134 1997 podem
1160 1936 1196 1978 m.
1221 1917 1411 1980 Sneebdttun
1436 1919 1507 2002 legi,
1529 1921 1555 1980 ln

359 2021 468 2084 iisdem
491 2020 618 2103 Alpibus
641 2020 676 2084 ad
701 2039 870 2103 supremam
894 2027 1009 2102 partem
1033 2040 1071 2083 m.
1093 2021 1226 2083 siurbia
1249 2028 1280 2082 et
1297 2037 1389 2102 supra
1409 2023 1554 2102 Veratius,

361 2135 392 2190 et
414 2129 449 2188 in·
469 2147 508 2190 nr.
531 2127 678 2190 Rundcns
693 2145 751 2190 una
768 2143 835 2189 oum
851 2126 888 2188 A.
904 2126 1089 2207 sparsifoliu
1104 2134 1136 2190 et
1151 2127 1288 2190 oboootu
1303 2126 1340 2188 cl.
1358 2127 1555 2192 Zerrmsrem

274 2276 278 2294 ι
361 2232 545 2310 observavit,
569 2231 605 2293 cl.
629 2231 785 2294 lloruonus
806 2232 837 2292 in
861 2231 938 2312 Alpe
963 2231 1161 2313 Gaastofjeld
1182 2231 1290 2296 lectam
1317 2233 1555 2310 communicarit,

361 2337 432 2400 clar.
458 2337 486 2402 S.
508 2337 653 2399 Lrnoeeao
675 2337 706 2398 in
729 2335 806 2419 Alpe
831 2335 967 2416 l'js'dtjolr
988 2335 1159 2417 Lapponiae
1176 2335 1316 2400 Lulcnsis
1333 2337 1410 2420 legit
1426 2347 1459 2402 et
1475 2339 1556 2402 misit

447 2443 549 2504 Fruot.
574 2447 684 2504 molor.
708 2447 836 2502 aestate.

431 2561 537 2630 Species
550 2563 647 2614 baecse
661 2562 840 2630 pulcbsrrlma,
861 2561 1007 2615 clarissimo
1025 2561 1144 2613 Ηιιιτιιιι
1163 2559 1312 2615 Geruliemsi
1328 2564 1429 2614 Pieres
1442 2565 1555 2617 &sad-

231 2667 235 2676 ’
360 2651 472 2704 nonime
490 2651 588 2703 auctori
606 2651 754 2703 acutissimo
772 2651 901 2716 dedicata,
919 2649 1088 2717 distinguitur
1104 2649 1161 2701 sine
1180 2648 1234 2702 ulla
1253 2649 1408 2704 difficultate
1428 2651 1463 2704 ab
1482 2653 1554 2704 onsi-

360 2739 408 2792 bus
425 2738 617 2806 congenea-ibus
634 2739 772 2803 ecostatis,
791 2738 978 2806 magnitudine,
998 2735 1105 2788 mollitis
1124 2745 1151 2789 et
1169 2736 1274 2802 colore,
1294 2736 1416 2792 loliorum
1438 2740 1517 2792 loma
1534 2749 1556 2790 et

305 2848 308 2856 ¹
359 2834 474 2891 textura,
493 2825 599 2892 capsula
624 2823 693 2878 collo
718 2825 801 2878 solido
826 2823 948 2877 suburrllo
967 2825 1090 2876 instructu
1109 2832 1135 2875 et
1154 2824 1186 2876 ad
1204 2823 1277 2876 basin
1297 2843 1377 2894 usque
1396 2826 1553 2882 debisreute.

361 2915 386 2965 in
405 2913 583 2984 pseudopodio
601 2912 718 2979 longiore
736 2913 819 2978 magis
837 2911 955 2962 exaltata.

429 2999 535 3052 Plantae
554 2998 749 3051 3-5-unciales
767 2998 823 3051 basi
841 2998 985 3050 denudatae
1005 2995 1071 3049 loliis
1090 2997 1271 3050 remotioribus
1289 3001 1473 3066 reperiuntur;
1498 3001 1553 3054 brr-

359 3091 444 3142 nlores
462 3087 540 3155 paulo
558 3086 716 3140 robustiores
735 3095 794 3138 sunt
812 3085 925 3154 foliaque
949 3085 1032 3152 tnagis
1052 3083 1167 3138 coulertu
1192 3085 1289 3138 babeat
1313 3087 1450 3157 caulisque
1475 3091 1554 3158 apices

361 3185 462 3230 erectos
481 3175 681 3243 gemmilunues.

429 3261 467 3316 Cl.
493 3262 664 3314 errsnsruur
686 3261 838 3314 vadentem
862 3257 911 3312 sub
937 3257 1038 3311 nomine
1062 3258 1091 3322 β.
1109 3257 1226 3325 praeitis
1249 3271 1397 3314 enumerat:
1425 3263 1552 3330 „caulibu

359 3349 464 3403 deuslus
483 3349 650 3417 caespitosis,
675 3345 872 3416 gracilioribus,
896 3345 1075 3414 rigidioribus,
1099 3345 1321 3416 subsimplieibus;
1355 3349 1428 3402 loliis
1447 3351 1550 3420 paullulo

360 3435 520 3502 longioribus
539 3445 564 3488 et
583 3434 749 3500 acutioribus,
768 3435 845 3486 siccis
858 3434 1002 3486 arctissime
1015 3429 1162 3501 appreasis“
1244 3443 1271 3486 et
1289 3451 1364 3504 porro
1384 3439 1494 3502 „babitu
1513 3449 1549 3490 tas

363 3523 441 3592 louge
466 3539 481 3576 a
507 3524 587 3576 lorma
611 3522 711 3590 vulgari
736 3521 871 3584 abhorret,
899 3531 926 3574 ut
949 3521 1057 3588 primum
1080 3537 1132 3572 uon
1154 3519 1342 3588 dubitaremus,
1371 3527 1436 3594 quin
1459 3529 1553 3595 species

360 3612 464 3664 omniuo
491 3625 558 3662 nova
589 3611 692 3662 detecta
721 3605 817 3662 esset“.
846 3635 879 3644 -
910 3607 993 3659 llubit
1025 3623 1082 3660 cum
1115 3608 1195 3661 lorrna
1224 3609 1340 3662 normali.
1370 3612 1553 3668 verosimiliter

361 3701 391 3750 A.
413 3698 543 3750 Tbedertt'i
560 3706 646 3750 nostra
666 3698 718 3750 est!

757 3865 787 3935 5.
816 3867 975 3936 Androneo
996 3865 1148 3935 lbeleull.

676 3991 681 4002 '
822 4023 909 4076 san.
928 4023 1016 4092 ιηοι.
1035 4039 1088 4076 aar.

447 4163 603 4244 llumilior,
620 4165 833 4245 caespitulosa,
849 4166 1011 4248 nigricans.
1041 4163 1142 4228 Caulls
1157 4162 1286 4248 rigidus,
1298 4164 1436 4246 solidior,
1446 4165 1552 4249 pluries

360 4267 473 4332 divisus
498 4266 684 4352 fastigiatus,
717 4267 837 4331 inferne
866 4267 1045 4335 denudatus.
1090 4267 1172 4332 Folia
1203 4270 1300 4352 magis
1329 4271 1487 4350 conferta,
1517 4289 1551 4332 ea

360 4379 461 4434 arrecta
484 4372 548 4434 basi
566 4373 817 4454 erecto-patentia
834 4373 969 4436 siccitate
985 4373 1199 4450 incumbentia,
1221 4373 1348 4436 obovata
1365 4383 1397 4438 et
1411 4375 1551 4460 oblongo

361 4476 502 4552 obouala,
539 4457 671 4540 breuiter
703 4483 732 4538 et
757 4475 864 4540 obtuse
898 4477 1082 4556 acuminata,
1117 4476 1211 4542 dorso
1242 4477 1353 4542 subtile
1381 4481 1550 4563 granulosa,
