3104 5368
491 365 681 421 uerterat-ene.
1126 364 1187 427 ΠΙ
1259 341 1270 357 ⁸

85 543 185 604 nnn.
199 547 317 618 ,notan
339 538 435 618 priore
457 555 542 602 uere.
586 541 712 604 Fructus
736 541 878 607 sanares.

73 662 101 711 N.
120 661 233 712 Beroea-i
250 659 326 712 torn
343 675 394 710 nnn
412 658 488 712 aliter
505 675 580 728 qusnr
599 658 668 712 loliis
687 659 765 726 paulo
782 659 943 716 brevionibus
961 679 976 716 a
996 663 1082 732 plenta
1100 675 1187 720 nestra

20 750 154 886 militent
177 851 193 886 s
215 835 324 887 caeteris
348 835 485 902 speciebus
510 833 577 886 loliis
597 832 729 896 laevibus,
758 797 879 900 capsulae
904 835 1035 902 podioello
1058 837 1183 918 longiore,

20 923 112 988 angruit
129 919 308 976 caracteribus
321 918 427 988 reliquis
446 920 569 972 omnibus.

442 1095 547 1147 Sedis
569 1095 733 1148 incertae.
785 1123 788 1132 ·

378 1220 405 1285 t.
435 1217 569 1284 leeirrr
591 1215 794 1299 l’trtllppenos.

416 1357 461 1412 lie.
480 1369 506 1412 et
523 1359 578 1410 Scn.
597 1357 684 1426 Bryol.
702 1375 756 1412 eur.
785 1365 790 1376 “

79 1480 193 1543 Dioica.
238 1480 338 1544 Cnolis
360 1481 518 1564 primarius
540 1499 707 1563 prorepens
729 1481 826 1546 dense
855 1479 1182 1562 pinnato-ramulosa,

20 1584 189 1648 enrndnrius
212 1585 384 1650 ascendens
406 1586 551 1648 remotius
568 1586 714 1666 pinnatus.
759 1585 840 1652 Folia
855 1585 934 1650 leete
950 1584 1065 1664 nudie,
1085 1585 1182 1652 denso

20 1687 117 1749 tistirle
139 1690 307 1769 imbricata,
331 1690 461 1754 maxims
483 1697 515 1753 et
535 1689 763 1772 elegantissime
779 1689 931 1766 naturus,
955 1691 1180 1757 ovato-lanoso·

20 1800 66 1871 ru,
87 1795 116 1856 in
139 1793 290 1876 apiculum
311 1793 480 1858 flexuosum
504 1792 664 1876 producta,
695 1794 753 1856 reti
776 1792 883 1860 lineari
905 1792 1036 1882 minimo.
1080 1793 1180 1876 Bryol.

21 1913 56 1960 ur.
76 1899 110 1976 v,
133 1897 206 1962 lab.
222 1895 296 1961 445.

75 2021 178 2084 Hobit.
201 2019 350 2102 Fagororn
373 2027 404 2081 et
424 2003 563 2082 Pinorum
585 2020 700 2082 tnrncis
717 2025 800 2082 arete
816 2019 967 2101 adrepens
982 2017 1014 2080 in
1029 2021 1180 2102 Norvegia

20 2123 176 2187 reridionali
216 2124 352 2204 (unm),
390 2125 421 2186 in
458 2125 621 2207 Pyrenaeis
658 2143 751 2206 prope
788 2124 948 2207 Bopnirer
984 2125 1022 2186 de
1053 2123 1181 2187 Mon

20 2225 156 2308 launna),
181 2247 276 2310 prope
299 2228 470 2309 Bayonnanr
492 2227 648 2304 (Drnuulr
686 2230 716 2291 in
739 2232 861 2314 Vogeso
892 2231 1050 2312 superiore
1084 2235 1117 2291 et
1149 2231 1179 2292 in

20 2333 179 2417 lytra-nigra
204 2334 270 2415 ipse
292 2333 362 2414 legi.

20 2437 34 2498 l.
50 2440 193 2519 pumilae,
217 2455 275 2501 nec
296 2425 451 2520 pennatae
472 2445 505 2500 ut
522 2436 562 2516 el.
586 2437 700 2500 Munna
722 2443 820 2518 putat,
844 2439 998 2522 proxima,
1022 2446 1054 2500 et
1076 2439 1177 2502 lorsrn

114 2552 212 2608 status
235 2546 302 2627 ejus
320 2541 433 2626 junior.

391 2733 421 2799 7.
449 2733 585 2800 testera
605 2731 766 2799 Meontntt.

315 2872 394 2924 llooa.
413 2881 439 2924 et
457 2872 536 2924 Wrus.
553 2873 579 2923 in
597 2872 696 2924 Dnurrr.
715 2870 746 2923 ll.
765 2888 843 2924 arnor.

73 2993 180 3057 Cautes
197 2993 371 3057 secundarii
387 3011 475 3075 parce
492 2993 590 3071 divisi,
605 2993 898 3076 pinnato-ramulosi,
913 2992 1036 3055 ramulis
1053 2990 1176 3074 flagelli-

20 3097 136 3168 trnibus.
183 3098 267 3161 Folio
290 3099 447 3176 undulata,
476 3097 776 3181 oblongo-linguinis
800 3115 840 3158 ex
867 3097 976 3160 obtuso
999 3095 1083 3176 apice
1105 3095 1175 3159 ltre-

20 3197 105 3272 lsirne
129 3203 318 3280 acuminata,
346 3219 481 3283 superne
503 3202 617 3266 minuta
640 3201 804 3280 serrulota,
833 3207 937 3264 costae
960 3200 1044 3264 teuui
1064 3199 1175 3283 longae

20 3309 103 3386 sepius
124 3308 225 3370 altera
248 3305 426 3370 brevissima
449 3304 603 3390 adjuncta,
632 3306 754 3389 Junioro
782 3305 875 3368 dilute
902 3301 1023 3381 uiridia,
1056 3301 1175 3366 demunt

20 3411 176 3490 ttescentia,
209 3415 309 3472 aetate
339 3415 480 3491 proveeta
510 3407 633 3490 pulchre
667 3407 824 3474 ochraeea.
868 3407 973 3470 Flores
1004 3405 1175 3470 estractus

20 3515 87 3590 poti.
127 3514 200 3578 loon
223 3511 314 3576 nulla.

20 3631 35 3692 l.
53 3633 202 3698 ilenrico&
223 3633 318 3698 iloor.
348 3641 379 3696 et
406 3633 528 3700 Wruson
555 3611 586 3699 in
616 3633 776 3698 Daunono
802 3633 898 3698 llusci
927 3650 1020 3696 amer.
1043 3632 1079 3696 N.
1104 3630 1174 3700 162.

111 3738 223 3801 srrnrr.
248 3735 360 3800 Coroll.
404 3736 437 3800 C.
460 3737 574 3802 litteren
598 3737 727 3818 Synops.

74 3856 170 3920 liubit.
194 3857 226 3919 in
250 3856 329 3920 sollu
352 3857 532 3940 Thuringiae
555 3873 649 3949 prope
674 3857 828 3923 emeat
847 3858 881 3920 iu
899 3859 977 3922 nale
992 3861 1176 3926 Dietloraer

20 3955 93 4022 irad
111 3960 147 4023 ad
169 3978 265 4043 rupes
288 3959 339 4034 (cl.
362 3959 467 4036 llesr).
512 3961 559 4026 Ex
577 3961 719 4026 Arneriea
741 3969 817 4044 sept.
839 3961 1000 4028 linuuono
1023 3965 1110 4030 nisit.

398 4133 471 4198 Gen.
495 4131 524 4197 2.
570 4131 754 4200 nortntttt.

442 4269 513 4326 Baro.
531 4269 619 4338 ttryot.
637 4272 707 4325 onir.

76 4391 185 4456 Plantae
201 4392 319 4475 pluries
336 4397 368 4454 et
379 4390 506 4458 ‹listiole
518 4410 656 4456 ramosus
669 4401 786 4458 remote
798 4393 1171 4475 sulpturae-errantem,

20 4491 93 4553 ·basi
113 4505 212 4559 ereata
236 4494 557 4576 arcuato-deotimus,
581 4497 748 4560 stolonibus
772 4497 950 4561 basilarilros
974 4507 1003 4561 et
1026 4519 1065 4561 ex
1084 4501 1171 4580 apice
