3336 5352
367 343 448 400 xxm
893 342 1058 398 introductio.

367 529 608 602 etropurpureo,
631 523 791 596 cmonutm
815 517 994 600 liraeprirnis
1009 517 1046 582 ad
1062 517 1183 598 collum,
1206 520 1328 599 stipium
1348 518 1379 581 in
1395 519 1562 599 Catoacop.

366 626 493 706 alpaide,
518 624 548 687 in
571 621 796 703 Rrocbgtbecn'o
819 623 962 687 rotcbclo
982 629 1080 694 aetate
1096 629 1249 704 provecta,
1266 623 1297 686 in
1312 624 1563 705 Pteagpopbylio.

367 728 458 792 Color
481 728 658 810 plerumque
682 726 719 793 ad
741 725 849 791 orilicii
873 727 1040 812 marginem
1064 726 1229 808 intensior,
1263 745 1357 810 saepe
1379 727 1506 792 rutilans
1531 733 1565 790 et

366 851 601 916 purpurascens‚
625 832 723 896 nitore
747 832 860 915 insigni
883 833 1053 912 distinctus,
1077 833 1271 915 conspicitur.
1317 832 1467 915 capsulae
1482 833 1563 896 latus

366 937 447 1021 quod
471 937 589 1000 coelum
613 943 728 1020 spectat
750 936 900 1000 interdurn
923 937 1071 1000 intensius
1095 937 1218 1000 tinctum
1241 937 1393 1001 invenitur
1415 953 1504 1019 quam
1520 934 1565 1000 lo·

269 1029 277 1054 ⁸
366 1048 414 1106 tus
436 1050 538 1106 terrae
561 1041 723 1106 adversum
745 1041 876 1117 (linium
892 1041 1095 1122 crepidatum,
1111 1039 1251 1106 Barbula
1270 1043 1400 1120 niumm,
1417 1039 1565 1122 Hypnudr

364 1147 468 1228 fertile
491 1153 522 1208 et
545 1165 583 1211 m.
605 1165 632 1210 a.
657 1145 735 1210 binii
756 1146 872 1226 affaris,
896 1145 1213 1228 cinclidioidis,13ryi
1235 1145 1468 1226 Wabienbcrpii,
1485 1164 1564 1208 cur-

365 1252 432 1330 cei,
456 1250 692 1323 Cinciidiorum)
719 1255 751 1312 et
780 1265 952 1312 muscorum
982 1251 1192 1314 nonnullorum
1223 1251 1350 1316 aliorum
1378 1250 1499 1332 capsula
1523 1247 1563 1312 ad

365 1363 484 1438 tempus
508 1354 684 1420 maturitatis
707 1355 811 1436 pruina
834 1354 1030 1418 subtilissima
1053 1355 1265 1440 glauco-viridi
1286 1355 1407 1420 obtecta
1430 1353 1539 1418 evadit.

451 1460 643 1523 Membranae
667 1458 834 1540 capsularis
858 1461 1096 1540 constructione,
1121 1461 1318 1526 consistentia
1340 1467 1372 1522 et
1386 1459 1490 1524 colere
1506 1476 1563 1522 cx·

365 1565 492 1647 positis,
517 1564 673 1628 videamus
696 1579 776 1628 ncnc
801 1561 962 1628 sormamm
985 1563 1228 1644 innumerarum,
1261 1581 1336 1646 quas
1359 1562 1482 1646 capsula
1504 1579 1564 1644 pro

365 1669 484 1733 ratione
523 1669 694 1752 specierum
740 1667 928 1732 diuersarum
974 1667 1087 1748 induit,
1137 1669 1319 1752 principales
1363 1676 1395 1732 ct
1431 1668 1563 1732 maxime

364 1791 514 1858 insignes.

452 1879 567 1942 Paucos
593 1895 714 1941 muscos
737 1877 874 1958 reperies
897 1893 1025 1958 quorum
1056 1876 1178 1960 capsula
1209 1877 1276 1942 sinc
1300 1877 1380 1942 coito
1402 1874 1451 1940 vel
1474 1893 1562 1958 opo-

361 1984 454 2066 pbpsi
475 1982 627 2048 mediante
650 2000 668 2044 e
691 1980 840 2064 pedicello
862 1982 1028 2063 ampliatur.

451 2087 570 2150 Goliam
594 2103 704 2167 nempe
725 2094 850 2150 vocatur
872 2103 942 2166 pars
966 2087 1015 2151 illa
1037 2087 1269 2170 parencbymate
1292 2085 1413 2170 impleta
1439 2102 1519 2170 quae
1542 2103 1563 2148 a

362 2190 455 2255 limite
478 2190 623 2254 inferiore
647 2191 801 2272 sporangii
832 2191 981 2272 incipiens
1012 2189 1163 2273 capsulam
1192 2189 1326 2270 sensim,
1361 2188 1431 2252 coni
1463 2189 1563 2252 instar

362 2295 495 2373 inversi,
527 2295 558 2358 in
588 2292 768 2377 pedicellum
802 2296 974 2374 continuat3
1011 2294 1180 2376 upopbycir
1201 2294 1311 2358 dicitur
1333 2293 1563 2376 protuberantia

363 2397 568 2482 magnitudine
591 2397 712 2463 varinus
736 2415 814 2480 puae
831 2399 861 2462 in
877 2399 1029 2464 nonnullis
1047 2415 1217 2464 musccrum
1233 2399 1397 2482 speciebus
1418 2395 1562 2481 capsulae

362 2504 428 2582 basi
459 2503 573 2566 insidet
603 2511 635 2568 et
665 2519 743 2586 qnae
775 2509 835 2568 tam
864 2503 1064 2568 consistentia
1097 2522 1186 2587 qnam
1216 2503 1321 2569 colore
1355 2503 1430 2568 satis
1461 2503 1499 2569 ab
1521 2519 1561 2566 ea

362 2606 565 2692 distinguitur.
1120 2616 1124 2625 '

448 2711 554 2788 Quoad
578 2712 651 2776 colli
673 2710 920 2796 magnitudinem,
944 2715 971 2778 is
994 2714 1025 2776 in
1048 2713 1199 2778 nonnullis
1222 2713 1384 2796 speciebus
1400 2712 1478 2778 adeo
1493 2713 1559 2775 exi-
1665 2695 1666 2702 ἵ

361 2835 439 2902 gnus
455 2825 504 2884 est
519 2824 553 2881 ut
567 2819 619 2880 vix
633 2816 767 2882 discerni
782 2817 880 2899 pessit
894 2818 940 2896 (in
962 2819 1082 2896 Petilia,
1104 2818 1250 2882 Barbatia
1266 2825 1350 2898 etc),
1373 2818 1404 2880 in
1420 2816 1559 2900 pluribus

361 2921 517 3006 sporangii
538 2921 761 3006 longitudinem
782 2928 892 3005 aequat
912 2923 1104 3004 (Encolyptc
1126 2923 1301 3004 loupicoitic
1323 2925 1405 3002 etc),
1436 2923 1467 2987 in
1491 2921 1559 2986 aliis

362 3032 486 3110 superat
502 3033 534 3090 ut
549 3027 579 3089 in
595 3025 682 3108 Brpo
705 3025 867 3106 (Webcrc)
891 3028 1045 3110 donpoto,
1068 3027 1100 3089 in
1118 3028 1354 3093 l'rerrcntodonte
1368 3028 1514 3110 ambiguo
1530 3033 1562 3092 et

364 3130 530 3212 longicollo
552 3147 581 3194 e.
603 3147 630 3192 c.
676 3127 782 3203 Quoad
804 3127 929 3194 lormam
961 3132 1075 3195 varium
1107 3133 1259 3216 reperitur
1281 3131 1391 3196 collum
1413 3132 1443 3195 in
1466 3131 1560 3196 variis

361 3235 538 3318 speciebus:
572 3233 755 3298 obcocicmn
783 3239 832 3297 est
854 3233 885 3296 in
907 3235 1070 3316 speciebus
1093 3235 1267 3317 permultis3
1290 3236 1560 3317 elongato-obco-

361 3343 464 3404 sicum
479 3337 665 3421 pedetentim
681 3338 711 3399 in
727 3337 909 3420 pedicellum
920 3338 1059 3402 detinens
1071 3337 1182 3403 babent
1192 3339 1310 3421 Rrgona
1319 3339 1516 3420 bochellum
1528 3347 1561 3404 et

359 3443 416 3508 alia
432 3441 527 3525 Brya3
550 3441 725 3522 mucetum
740 3442 759 3504 i.
776 3460 804 3505 e.
828 3441 951 3524 capsula
973 3443 1094 3526 longius
1111 3449 1142 3506 et
1156 3441 1424 3525 subcylindricum,
1440 3443 1562 3526 urguo

359 3545 723 3630 elonputum,‚l'oyierio
742 3545 976 3628 aplocbnoides3
998 3547 1273 3628 benepbccricun
1293 3547 1359 3612 basi
1381 3547 1481 3612 subito
1504 3566 1559 3612 an·

360 3659 524 3738 grutatnm,
547 3649 665 3732 Bepara
686 3659 977 3733 otro-perparcum,
1001 3652 1186 3716 Gireclidium
1200 3653 1350 3734 stygium
1371 3659 1560 3718 strumosum

359 3763 484 3820 vocatur
505 3773 575 3820 cum
604 3773 666 3820 uno
697 3755 793 3822 latere
824 3756 920 3840 magis
943 3756 1095 3838 preminet
1125 3775 1214 3838 mam
1237 3755 1333 3820 altero
1355 3756 1481 3838 basique
1505 3775 1558 3820 sn·

360 3861 422 3926 bite
445 3859 631 3944 abrumpitur
654 3861 693 3924 ita
710 3867 742 3922 ut
757 3868 900 3924 strumam
916 3857 1037 3936 efficiat,
1060 3865 1093 3922 ut
1110 3859 1140 3922 lu
1153 3860 1337 3924 Dici-ancile
1355 3861 1558 3942 contectam,

360 3965 523 4044 metus,
546 3966 578 4030 in
601 3965 783 4050 beucnbryo
805 3963 945 4044 culpmi,
967 3963 998 4024 in
1023 3962 1312 4028 l'remotodontibur
1334 3982 1363 4028 e.
1385 3985 1412 4028 a.
1457 3965 1558 4040 Quae·

359 4087 419 4152 que
442 4069 482 4133 sit
504 4071 571 4154 ejus
595 4069 709 4150 lerma,
743 4066 852 4131 collum
876 4085 999 4148 semper
1020 4068 1161 4150 capsulae
1184 4069 1279 4151 ipsius
1301 4069 1489 4134 continuatio
1511 4071 1556 4134 ln-

360 4173 454 4238 lerior
477 4181 541 4256 est,
565 4190 660 4258 quare
682 4173 827 4240 inmollis
843 4171 1018 4254 speciebus,
1042 4189 1110 4236 cum
1133 4173 1218 4238 color
1239 4180 1270 4237 et
1293 4175 1486 4238 membranae
1502 4193 1557 4238 ex·

359 4287 464 4346 ternae
488 4286 618 4360 textura,
643 4279 669 4342 si
692 4283 820 4344 sumata
843 4277 1054 4342 numerosiora
1070 4278 1215 4362 excipias,
1240 4277 1347 4344 eadem
1364 4279 1436 4361 sint,
1460 4297 1557 4366 aegre

359 4385 397 4450 ab
419 4403 456 4450 ea
478 4383 684 4470 distinguitur.

443 4488 541 4552 Aliter
563 4505 598 4550 sc
621 4486 712 4551 babet
733 4503 785 4548 res
808 4485 835 4548 si
858 4483 895 4550 ad
919 4485 1084 4568 apophysin
1108 4487 1254 4570 respicias
1278 4507 1355 4570 quae
1379 4488 1476 4571 primo
1500 4493 1553 4556 eb·
