3104 5364
483 403 637 460 Pottioeeoe.
1099 355 1161 462 ltu

8 577 47 639 tn.
63 583 87 656 p.
107 580 297 662 lampetius.
327 580 447 644 Plantae
471 580 658 660 humiliores,
683 579 780 644 laxius
802 573 1034 662 caespitulosae.
1079 580 1160 644 Folia

92 685 242 766 breviora,
265 685 383 767 latiora,
407 687 549 770 ligulata,
567 687 652 768 apice
674 684 836 749 rotundatu
850 685 899 748 rel
921 685 1022 748 subito
1044 686 1074 747 io
1098 688 1159 768 api-

93 790 189 852 culum
214 790 340 853 brevem
364 791 506 853 muticum
531 791 682 856 exeuntia.

8 891 42 952 'ac
61 897 86 970 β.
107 895 305 976 obtusisolius
327 893 426 977 Bryol.
451 914 516 957 eurr.
541 894 559 956 l.
584 915 610 957 c.
645 899 648 906 '

55 1015 146 1080 liubit.
170 1017 203 1078 in
229 1017 311 1079 saxis
336 1026 366 1079 et
395 1017 520 1099 rupibus
542 1016 720 1097 praeprimis
744 1016 889 1080 calcareis
912 1017 1063 1080 umbrosis
1087 1018 1159 1081 sub·

8 1120 89 1181 umidis
112 1121 250 1204 regionis
274 1121 449 1205 subalpinae
466 1127 497 1183 et
520 1119 655 1204 alpinae3
679 1121 709 1182 iu
732 1119 889 1184 Helvetiae
910 1119 967 1186 Vol
981 1123 1020 1186 de
1034 1123 1159 1206 Bopnes

8 1223 206 1288 liScmmcaen
232 1226 362 1303 detexit3
386 1243 448 1291 var.
471 1230 500 1302 o,
532 1225 561 1287 in
585 1224 709 1306 rupibus
732 1223 884 1288 umbrosis
909 1226 1159 1290 colomeo-schis-

8 1329 43 1388 m's
62 1329 122 1392 loco
138 1329 302 1412 Bocbolpe
323 1332 353 1393 in
370 1351 408 1393 m.
426 1331 585 1393 Foolboro
600 1328 666 1411 mp.
684 1330 828 1392 bernens.
844 1330 896 1392 ubi
919 1332 1015 1395 semel
1031 1332 1155 1414 pulchre

8 1433 74 1514 glot
94 1437 195 1498 serius
221 1435 333 1498 frustra
355 1435 504 1517 quaesivi,
527 1437 558 1496 in
581 1431 647 1515 Alp.
671 1433 774 1496 Sentis
789 1433 1014 1510 (blumrmrcu).
1045 1437 1155 1501 Alaea

8 1535 100 1620 Ἦμος
121 1547 152 1602 et
175 1559 194 1603 e
219 1540 326 1621 ltoelrp
350 1541 527 1602 Moarrtoius
549 1538 710 1600 Daumoro
734 1539 858 1621 copiose
882 1539 970 1605 misit.

49 1645 152 1707 Μαῖαν.
177 1644 218 1708 ad
243 1645 369 1708 aestatis
393 1645 491 1706 linem.
916 1653 919 1660 '

36 1763 111 1818 Planta
129 1767 253 1836 ambigua
272 1767 387 1834 proxime
405 1767 436 1817 ud
450 1766 587 1816 llarbulae
606 1774 631 1817 et
649 1765 715 1818 iuter
733 1763 779 1816 bas
798 1766 831 1818 ud
843 1765 1007 1832 cuneifole'ae
1020 1769 1160 1838 recedens,

8 1856 113 1904 ,ιιι-ιιι·
135 1871 198 1906 ear.
231 1855 353 1906 beelim
379 1854 447 1907 baud
471 1851 608 1906 dissimilis.
652 1851 725 1917 Quod
750 1849 864 1904 Fuullius
895 1853 955 1905 mibi
985 1855 1033 1908 sub
1055 1859 1157 1911 nomine

8 1937 65 2004 llpn.
81 1942 246 2006 [laniantia
265 1942 336 1995 dedit
358 1942 390 1993 ad
409 1942 491 1993 Berl.
512 1939 645 1992 moralem
663 1955 688 1992 ο.
705 1939 808 1992 ‘cuttu
832 1943 955 2010 pertiuet3
974 1959 1015 1996 me
1034 1945 1099 2014 llrpit
1127 1963 1159 2000 an

8 2027 43 2076 nia
62 2029 91 2080 ab
117 2047 149 2082 eo
175 2029 312 2098 divulgata
336 2027 494 2096 exemplaria
519 2028 552 2080 ad
571 2028 719 2080 bartolum
738 2027 803 2082 bauo
821 2031 957 2084 referenda
975 2033 1035 2098 rint,
1054 2050 1085 2086 an
1099 2050 1157 2101 par·

7 2117 51 2166 aad
68 2117 306 2170 Bmlodontm
324 2127 446 2171 nostrum.

8 2227 10 2236 t
34 2202 129 2270 Species
148 2207 220 2258 duae
238 2205 401 2258 armoricanae
420 2219 435 2255 a
454 2203 529 2257 clnrr.
549 2204 637 2256 amicis
651 2204 790 2257 Suumvarr
808 2215 834 2257 et
847 2204 873 2258 L.
892 2205 1051 2268 Lrapornsux
1069 2209 1156 2262 detec-

8 2302 44 2342 ret
59 2294 102 2344 sub
119 2293 270 2346 nominibus
288 2295 322 2345 u.
339 2295 458 2344 lotorum
476 2291 626 2352 (oblocutio
640 2293 700 2344 mibi
719 2292 767 2354 ol.)
786 2303 812 2344 et
824 2295 951 2346 areoacei
964 2311 1064 2347 mecum
1084 2312 1154 2348 corn-

8 2381 95 2432 nene
117 2383 150 2433 u.
170 2381 334 2447 &wolfolto
356 2391 427 2433 arcte
451 2396 509 2433 sese
533 2389 672 2433 annectunt
694 2381 853 2450 eandemque
879 2381 1071 2434 similitudinem
1097 2400 1156 2438 curn

8 2466 85 2519 'lulio
99 2469 268 2535 “cassellis
283 2476 431 2520 monstrant.

339 2643 367 2710 t
411 2642 614 2730 uos-auron
636 2641 769 2724 llueptnt.

343 2783 417 2836 Brut.
437 2794 464 2836 ct
482 2784 586 2838 Suum.
605 2782 693 2852 Bryol.
712 2801 767 2838 eur.

47 2903 289 2989 Gaespitnlosus‚
313 2905 442 2988 humilis,
467 2927 559 2991 parce
582 2926 730 2973 ramosus.
775 2907 857 2972 Folia
885 2905 1029 2971 interiora
1052 2916 1156 2973 ovato-

8 3009 126 3090 meua,
143 3012 311 3094 superiora
327 3011 564 3098 omli-oblonga,
581 3021 664 3077 costa
681 3009 853 3076 excedente
869 3011 1003 3093 aristala,
1021 3015 1156 3097 margine

8 3107 82 3194 lexa,
104 3116 236 3179 circuilu
261 3115 415 3199 dorsoque
438 3119 525 3183 valde
548 3119 703 3201 papiliosa.
735 3117 841 3181 Flores
865 3117 989 3180 masculi
1012 3118 1155 3182 laterales

8 3209 54 3286 'tu
73 3220 214 3304 triphylii,
238 3221 419 3286 autberidiis
435 3222 671 3306 eparaplrysatis.
705 3221 834 3304 capsula
851 3221 980 3304 oblonga
999 3230 1029 3285 ct
1046 3224 1155 3305 subop-

8 3319 436 3408 numerusnumerous
452 3344 562 3410 magno
578 3329 638 3391 alte
654 3328 762 3390 eorico
777 3325 914 3390 breviter
929 3325 1154 3409 obliquirostro.

8 3428 88 3490 uultu
120 3438 295 3514 auguratus,
329 3449 370 3494 ex
401 3431 464 3495 'una
492 3434 575 3496 serie
618 3432 793 3496 eelbrlarum
827 3431 1021 3512 compositus.
1074 3431 1155 3494 Perl-

8 3533 56 3592 tnii
82 3534 190 3600 dentes
221 3533 267 3598 32
291 3536 414 3600 omuino
436 3535 533 3615 libari,
558 3537 727 3600 alternatim
750 3535 906 3620 longiores
931 3543 962 3599 et
985 3536 1155 3615 breviores,

8 3648 80 3699 urna
100 3641 261 3723 papiliosi,
283 3639 409 3720 robelli,
438 3640 575 3705 siccitate
596 3641 691 3704 erecti
715 3639 891 3704 humiditate
914 3639 983 3703 laxe
1005 3642 1154 3704 semicon-

8 3737 59 3802 luti
90 3745 187 3828 llrybl.
204 3744 325 3824 eucll⁷
348 3745 418 3809 'lab
445 3743 517 3809 133.

50 3864 142 3930 ttaotc
166 3870 198 3930 in
224 3875 309 3930 terra
331 3867 475 3952 argillosa
498 3885 593 3950 prope
614 3867 736 3947 ,lupam
769 3865 882 3929 Galliae
911 3865 1006 3934 occid.
1037 3869 1089 3932 ubi
1118 3869 1154 3933 el.

8 3969 69 4030 rma
88 3974 181 4037 semel
205 3974 286 4056 legit
308 3981 340 4036 et
362 3990 430 4036 eum
452 3973 652 4054 Apocalyptu
675 3971 849 4035 lanceolata
873 3972 996 4036 mixtum
1020 3974 1110 4038 misit.

51 4075 143 4140 cht.
165 4087 282 4144 mator.
307 4095 392 4142 vere.

38 4195 131 4251 lunt.
149 4201 318 4255 hmolatae
336 4197 495 4268 simillimas,
515 4201 596 4268 primo
620 4185 711 4253 intuitu
732 4198 855 4268 operculo
874 4199 964 4252 altiore
983 4199 1068 4269 luteo,
1095 4218 1153 4254 exr-

8 4281 143 4340 ueuaalre
154 4288 1149 4358 pennentidenubnlibertepentecoteutitormtunstaeiledtaunguendus.
1255 4309 1256 4312 ¹
1348 4279 1355 4309 '
