<?xml version="1.0" encoding="UTF-8"?>
<!DOCTYPE html PUBLIC "-//W3C//DTD XHTML 1.0 Transitional//EN"
    "http://www.w3.org/TR/xhtml1/DTD/xhtml1-transitional.dtd">
<html xmlns="http://www.w3.org/1999/xhtml" xml:lang="en" lang="en">
 <head>
  <title>
</title>
<meta http-equiv="Content-Type" content="text/html;charset=utf-8" />
  <meta name='ocr-system' content='tesseract 3.04.00' />
  <meta name='ocr-capabilities' content='ocr_page ocr_carea ocr_par ocr_line ocrx_word'/>
</head>
<body>
  <div class='ocr_page' id='page_1' title='image "./synopsismuscoru01schigoog_0049.png"; bbox 0 0 3238 5352; ppageno 0'>
   <div class='ocr_carea' id='block_1_1' title="bbox 363 381 1045 436">
    <p class='ocr_par' dir='ltr' id='par_1_1' title="bbox 363 381 1045 436">
     <span class='ocr_line' id='line_1_1' title="bbox 363 381 1045 436; baseline 0 0"><span class='ocrx_word' id='word_1_1' title='bbox 363 381 468 436; x_wconf 83' lang='lat' dir='ltr'><strong>xxxu</strong></span> <span class='ocrx_word' id='word_1_2' title='bbox 880 383 1045 436; x_wconf 75' lang='lat' dir='ltr'><strong>luturalnctie.</strong></span> 
     </span>
    </p>
   </div>
   <div class='ocr_carea' id='block_1_2' title="bbox 360 553 1569 1456">
    <p class='ocr_par' dir='ltr' id='par_1_2' title="bbox 360 553 1569 1456">
     <span class='ocr_line' id='line_1_2' title="bbox 361 553 1568 620; baseline -0.002 0"><span class='ocrx_word' id='word_1_3' title='bbox 361 555 396 620; x_wconf 92' lang='lat' dir='ltr'><strong>ln</strong></span> <span class='ocrx_word' id='word_1_4' title='bbox 427 555 589 620; x_wconf 80' lang='lat' dir='ltr'><strong>Gioclidits</strong></span> <span class='ocrx_word' id='word_1_5' title='bbox 619 555 793 619; x_wconf 89' lang='lat' dir='ltr'><strong>membrana</strong></span> <span class='ocrx_word' id='word_1_6' title='bbox 823 555 899 618; x_wconf 90' lang='lat' dir='ltr'><strong>haee</strong></span> <span class='ocrx_word' id='word_1_7' title='bbox 933 557 1064 620; x_wconf 87' lang='lat' dir='ltr'><strong>carinata</strong></span> <span class='ocrx_word' id='word_1_8' title='bbox 1094 553 1206 618; x_wconf 86' lang='lat' dir='ltr'><strong>tholum</strong></span> <span class='ocrx_word' id='word_1_9' title='bbox 1239 553 1380 620; x_wconf 81' lang='lat' dir='ltr'><strong>sedecies</strong></span> <span class='ocrx_word' id='word_1_10' title='bbox 1411 557 1568 620; x_wconf 79' lang='lat' dir='ltr'><strong>mrinalo·</strong></span> 
     </span>
     <span class='ocr_line' id='line_1_3' title="bbox 364 658 1568 745; baseline 0.001 -22"><span class='ocrx_word' id='word_1_11' title='bbox 364 660 544 745; x_wconf 88' lang='lat' dir='ltr'><strong>angulosum</strong></span> <span class='ocrx_word' id='word_1_12' title='bbox 566 659 718 740; x_wconf 74' lang='lat' dir='ltr'><strong>capsulam</strong></span> <span class='ocrx_word' id='word_1_13' title='bbox 741 660 877 742; x_wconf 83' lang='lat' dir='ltr'><strong>operculi</strong></span> <span class='ocrx_word' id='word_1_14' title='bbox 899 661 995 722; x_wconf 88' lang='lat' dir='ltr'><strong>instar</strong></span> <span class='ocrx_word' id='word_1_15' title='bbox 1016 658 1209 724; x_wconf 73' lang='lat' dir='ltr'>claudentem</span> <span class='ocrx_word' id='word_1_16' title='bbox 1232 659 1378 724; x_wconf 86' lang='lat' dir='ltr'><strong>elicrmat</strong></span> <span class='ocrx_word' id='word_1_17' title='bbox 1421 658 1455 722; x_wconf 92' lang='lat' dir='ltr'><strong>ln</strong></span> <span class='ocrx_word' id='word_1_18' title='bbox 1477 661 1568 724; x_wconf 81' lang='lat' dir='ltr'><strong>Foss-</strong></span> 
     </span>
     <span class='ocr_line' id='line_1_4' title="bbox 363 763 1569 846; baseline -0.002 -18"><span class='ocrx_word' id='word_1_19' title='bbox 363 766 542 843; x_wconf 81' lang='lat' dir='ltr'><strong>tisoluceia,</strong></span> <span class='ocrx_word' id='word_1_20' title='bbox 571 764 750 846; x_wconf 79' lang='lat' dir='ltr'><strong>praeprimis</strong></span> <span class='ocrx_word' id='word_1_21' title='bbox 778 765 809 826; x_wconf 90' lang='lat' dir='ltr'><strong>in</strong></span> <span class='ocrx_word' id='word_1_22' title='bbox 831 764 866 827; x_wconf 77' lang='lat' dir='ltr'><strong>F.</strong></span> <span class='ocrx_word' id='word_1_23' title='bbox 890 765 1098 846; x_wconf 74' lang='lat' dir='ltr'><strong>ontippretico</strong></span> <span class='ocrx_word' id='word_1_24' title='bbox 1121 771 1152 827; x_wconf 91' lang='lat' dir='ltr'><strong>et</strong></span> <span class='ocrx_word' id='word_1_25' title='bbox 1179 782 1355 846; x_wconf 72' lang='lat' dir='ltr'><strong>spasmeam</strong></span> <span class='ocrx_word' id='word_1_26' title='bbox 1388 763 1569 826; x_wconf 77' lang='lat' dir='ltr'><strong>membrana</strong></span> 
     </span>
     <span class='ocr_line' id='line_1_5' title="bbox 362 867 1569 951; baseline 0 -19"><span class='ocrx_word' id='word_1_27' title='bbox 362 869 530 951; x_wconf 79' lang='lat' dir='ltr'><strong>peristomii</strong></span> <span class='ocrx_word' id='word_1_28' title='bbox 566 867 677 930; x_wconf 91' lang='lat' dir='ltr'><strong>interni</strong></span> <span class='ocrx_word' id='word_1_29' title='bbox 708 869 739 930; x_wconf 93' lang='lat' dir='ltr'><strong>in</strong></span> <span class='ocrx_word' id='word_1_30' title='bbox 774 885 882 930; x_wconf 90' lang='lat' dir='ltr'><strong>conum</strong></span> <span class='ocrx_word' id='word_1_31' title='bbox 921 867 1149 949; x_wconf 86' lang='lat' dir='ltr'><strong>elegantissime</strong></span> <span class='ocrx_word' id='word_1_32' title='bbox 1180 867 1569 932; x_wconf 84' lang='lat' dir='ltr'><strong>reticulato-tessellatum</strong></span> 
     </span>
     <span class='ocr_line' id='line_1_6' title="bbox 363 970 1569 1056; baseline -0.002 -20"><span class='ocrx_word' id='word_1_33' title='bbox 363 974 731 1056; x_wconf 87' lang='lat' dir='ltr'><strong>sanguineo-pnrpuream</strong></span> <span class='ocrx_word' id='word_1_34' title='bbox 763 970 912 1052; x_wconf 87' lang='lat' dir='ltr'><strong>procedit.</strong></span> <span class='ocrx_word' id='word_1_35' title='bbox 964 970 1059 1034; x_wconf 86' lang='lat' dir='ltr'><strong>Nimis</strong></span> <span class='ocrx_word' id='word_1_36' title='bbox 1093 972 1217 1054; x_wconf 88' lang='lat' dir='ltr'><strong>longum</strong></span> <span class='ocrx_word' id='word_1_37' title='bbox 1247 979 1337 1054; x_wconf 80' lang='lat' dir='ltr'><strong>atpue</strong></span> <span class='ocrx_word' id='word_1_38' title='bbox 1371 971 1569 1036; x_wconf 76' lang='lat' dir='ltr'><strong>inuidiosam</strong></span> 
     </span>
     <span class='ocr_line' id='line_1_7' title="bbox 362 1062 1568 1159; baseline -0.002 -18"><span class='ocrx_word' id='word_1_39' title='bbox 362 1085 448 1141; x_wconf 90' lang='lat' dir='ltr'><strong>esset</strong></span> <span class='ocrx_word' id='word_1_40' title='bbox 468 1078 495 1140; x_wconf 87' lang='lat' dir='ltr'><strong>si</strong></span> <span class='ocrx_word' id='word_1_41' title='bbox 510 1076 549 1140; x_wconf 89' lang='lat' dir='ltr'><strong>de</strong></span> <span class='ocrx_word' id='word_1_42' title='bbox 569 1077 738 1159; x_wconf 82' lang='lat' dir='ltr'><strong>peristomii</strong></span> <span class='ocrx_word' id='word_1_43' title='bbox 762 1076 873 1138; x_wconf 89' lang='lat' dir='ltr'><strong>interni</strong></span> <span class='ocrx_word' id='word_1_44' title='bbox 896 1081 955 1138; x_wconf 76' lang='lat' dir='ltr'><strong>mm</strong></span> <span class='ocrx_word' id='word_1_45' title='bbox 979 1075 1151 1138; x_wconf 77' lang='lat' dir='ltr'><strong>numerosis</strong></span> <span class='ocrx_word' id='word_1_46' title='bbox 1170 1062 1386 1140; x_wconf 73' lang='lat' dir='ltr'><strong>variationibus</strong></span> <span class='ocrx_word' id='word_1_47' title='bbox 1402 1074 1568 1138; x_wconf 82' lang='lat' dir='ltr'><strong>disserere</strong></span> 
     </span>
     <span class='ocr_line' id='line_1_8' title="bbox 360 1177 1567 1264; baseline -0.001 -21"><span class='ocrx_word' id='word_1_48' title='bbox 360 1182 546 1260; x_wconf 82' lang='lat' dir='ltr'><strong>voluissem,</strong></span> <span class='ocrx_word' id='word_1_49' title='bbox 582 1197 681 1264; x_wconf 87' lang='lat' dir='ltr'><strong>eoque</strong></span> <span class='ocrx_word' id='word_1_50' title='bbox 711 1182 808 1264; x_wconf 90' lang='lat' dir='ltr'><strong>magis</strong></span> <span class='ocrx_word' id='word_1_51' title='bbox 831 1197 921 1262; x_wconf 76' lang='lat' dir='ltr'><strong>quanm</strong></span> <span class='ocrx_word' id='word_1_52' title='bbox 951 1177 1065 1244; x_wconf 81' lang='lat' dir='ltr'><strong>formas</strong></span> <span class='ocrx_word' id='word_1_53' title='bbox 1090 1179 1225 1263; x_wconf 86' lang='lat' dir='ltr'><strong>singulas</strong></span> <span class='ocrx_word' id='word_1_54' title='bbox 1247 1187 1337 1262; x_wconf 85' lang='lat' dir='ltr'><strong>atque</strong></span> <span class='ocrx_word' id='word_1_55' title='bbox 1360 1199 1465 1244; x_wconf 86' lang='lat' dir='ltr'><strong>earum</strong></span> <span class='ocrx_word' id='word_1_56' title='bbox 1497 1197 1567 1244; x_wconf 88' lang='lat' dir='ltr'><strong>mo·</strong></span> 
     </span>
     <span class='ocr_line' id='line_1_9' title="bbox 362 1283 1568 1369; baseline -0.002 -19"><span class='ocrx_word' id='word_1_57' title='bbox 362 1285 550 1350; x_wconf 82' lang='lat' dir='ltr'><strong>dillcationes</strong></span> <span class='ocrx_word' id='word_1_58' title='bbox 575 1286 605 1348; x_wconf 93' lang='lat' dir='ltr'><strong>in</strong></span> <span class='ocrx_word' id='word_1_59' title='bbox 637 1303 785 1369; x_wconf 88' lang='lat' dir='ltr'><strong>generum</strong></span> <span class='ocrx_word' id='word_1_60' title='bbox 808 1285 1042 1368; x_wconf 83' lang='lat' dir='ltr'><strong>specierumque</strong></span> <span class='ocrx_word' id='word_1_61' title='bbox 1069 1283 1208 1369; x_wconf 88' lang='lat' dir='ltr'><strong>diagnosi</strong></span> <span class='ocrx_word' id='word_1_62' title='bbox 1237 1285 1373 1350; x_wconf 76' lang='lat' dir='ltr'><strong>erectim</strong></span> <span class='ocrx_word' id='word_1_63' title='bbox 1404 1301 1568 1368; x_wconf 81' lang='lat' dir='ltr'><strong>exponere</strong></span> 
     </span>
     <span class='ocr_line' id='line_1_10' title="bbox 364 1390 567 1456; baseline -0.01 -1"><span class='ocrx_word' id='word_1_64' title='bbox 364 1390 567 1456; x_wconf 84' lang='lat' dir='ltr'><strong>studebimus.</strong></span> 
     </span>
    </p>
   </div>
   <div class='ocr_carea' id='block_1_3' title="bbox 657 1579 1264 1646">
    <p class='ocr_par' dir='ltr' id='par_1_3' title="bbox 657 1579 1264 1646">
     <span class='ocr_line' id='line_1_11' title="bbox 657 1579 1264 1646; baseline 0.003 -14"><span class='ocrx_word' id='word_1_65' title='bbox 657 1581 684 1644; x_wconf 66' lang='grc' dir='ltr'><strong>ς.</strong></span> <span class='ocrx_word' id='word_1_66' title='bbox 697 1580 725 1632; x_wconf 77' lang='grc' dir='ltr'><strong>Θ.</strong></span> <span class='ocrx_word' id='word_1_67' title='bbox 752 1581 801 1634; x_wconf 85' lang='lat' dir='ltr'><strong>De</strong></span> <span class='ocrx_word' id='word_1_68' title='bbox 819 1579 996 1644; x_wconf 76' lang='lat' dir='ltr'><strong>peristomii</strong></span> <span class='ocrx_word' id='word_1_69' title='bbox 1013 1581 1118 1644; x_wconf 75' lang='lat' dir='ltr'><strong>prims</strong></span> <span class='ocrx_word' id='word_1_70' title='bbox 1134 1582 1264 1646; x_wconf 68' lang='lat' dir='ltr'><strong>erictus.</strong></span> 
     </span>
    </p>
   </div>
   <div class='ocr_carea' id='block_1_4' title="bbox 357 1703 1567 4298">
    <p class='ocr_par' dir='ltr' id='par_1_4' title="bbox 450 1703 1530 1788">
     <span class='ocr_line' id='line_1_12' title="bbox 450 1703 1530 1788; baseline -0.004 -20"><span class='ocrx_word' id='word_1_71' title='bbox 450 1704 595 1768; x_wconf 83' lang='lat' dir='ltr'><strong>Nonnulla</strong></span> <span class='ocrx_word' id='word_1_72' title='bbox 617 1703 656 1768; x_wconf 89' lang='lat' dir='ltr'><strong>de</strong></span> <span class='ocrx_word' id='word_1_73' title='bbox 680 1705 839 1787; x_wconf 83' lang='lat' dir='ltr'><strong>utriusque</strong></span> <span class='ocrx_word' id='word_1_74' title='bbox 861 1703 1030 1786; x_wconf 82' lang='lat' dir='ltr'><strong>peristomii</strong></span> <span class='ocrx_word' id='word_1_75' title='bbox 1054 1703 1175 1788; x_wconf 91' lang='lat' dir='ltr'><strong>origine</strong></span> <span class='ocrx_word' id='word_1_76' title='bbox 1198 1703 1327 1769; x_wconf 86' lang='lat' dir='ltr'><strong>dicenda</strong></span> <span class='ocrx_word' id='word_1_77' title='bbox 1349 1711 1530 1786; x_wconf 87' lang='lat' dir='ltr'><strong>supersunt.</strong></span> 
     </span>
    </p>

    <p class='ocr_par' dir='ltr' id='par_1_5' title="bbox 357 1807 1567 4298">
     <span class='ocr_line' id='line_1_13' title="bbox 448 1807 1566 1890; baseline 0 -18"><span class='ocrx_word' id='word_1_78' title='bbox 448 1809 657 1873; x_wconf 87' lang='lat' dir='ltr'><strong>Peristnminm</strong></span> <span class='ocrx_word' id='word_1_79' title='bbox 680 1815 840 1872; x_wconf 82' lang='lat' dir='ltr'><strong>externum</strong></span> <span class='ocrx_word' id='word_1_80' title='bbox 864 1827 882 1872; x_wconf 96' lang='lat' dir='ltr'><strong>e</strong></span> <span class='ocrx_word' id='word_1_81' title='bbox 906 1815 1049 1872; x_wconf 86' lang='lat' dir='ltr'><strong>contextu</strong></span> <span class='ocrx_word' id='word_1_82' title='bbox 1072 1809 1239 1890; x_wconf 89' lang='lat' dir='ltr'><strong>oeltulnso,</strong></span> <span class='ocrx_word' id='word_1_83' title='bbox 1263 1815 1356 1872; x_wconf 87' lang='lat' dir='ltr'><strong>strata</strong></span> <span class='ocrx_word' id='word_1_84' title='bbox 1380 1807 1566 1872; x_wconf 84' lang='lat' dir='ltr'><strong>cellularum</strong></span> 
     </span>
     <span class='ocr_line' id='line_1_14' title="bbox 361 1913 1567 1996; baseline -0.002 -18"><span class='ocrx_word' id='word_1_85' title='bbox 361 1913 512 1996; x_wconf 86' lang='lat' dir='ltr'><strong>capsulam</strong></span> <span class='ocrx_word' id='word_1_86' title='bbox 542 1915 622 1978; x_wconf 91' lang='lat' dir='ltr'><strong>intus</strong></span> <span class='ocrx_word' id='word_1_87' title='bbox 645 1913 805 1977; x_wconf 77' lang='lat' dir='ltr'><strong>sentientia</strong></span> <span class='ocrx_word' id='word_1_88' title='bbox 836 1914 866 1975; x_wconf 91' lang='lat' dir='ltr'><strong>in</strong></span> <span class='ocrx_word' id='word_1_89' title='bbox 894 1913 1068 1995; x_wconf 89' lang='lat' dir='ltr'><strong>operculum</strong></span> <span class='ocrx_word' id='word_1_90' title='bbox 1098 1915 1310 1992; x_wconf 87' lang='lat' dir='ltr'><strong>continuante,</strong></span> <span class='ocrx_word' id='word_1_91' title='bbox 1343 1913 1433 1993; x_wconf 91' lang='lat' dir='ltr'><strong>oriri,</strong></span> <span class='ocrx_word' id='word_1_92' title='bbox 1467 1929 1567 1994; x_wconf 78' lang='lat' dir='ltr'><strong>snpra</strong></span> 
     </span>
     <span class='ocr_line' id='line_1_15' title="bbox 361 2015 1567 2099; baseline -0.002 -17"><span class='ocrx_word' id='word_1_93' title='bbox 361 2017 501 2082; x_wconf 82' lang='lat' dir='ltr'><strong>diximus.</strong></span> <span class='ocrx_word' id='word_1_94' title='bbox 545 2017 570 2080; x_wconf 88' lang='lat' dir='ltr'>E</span> <span class='ocrx_word' id='word_1_95' title='bbox 593 2019 696 2080; x_wconf 90' lang='lat' dir='ltr'><strong>stratis</strong></span> <span class='ocrx_word' id='word_1_96' title='bbox 725 2016 772 2079; x_wconf 84' lang='lat' dir='ltr'><strong>lis</strong></span> <span class='ocrx_word' id='word_1_97' title='bbox 795 2015 856 2080; x_wconf 86' lang='lat' dir='ltr'><strong>duo</strong></span> <span class='ocrx_word' id='word_1_98' title='bbox 886 2023 956 2082; x_wconf 91' lang='lat' dir='ltr'><strong>sunt</strong></span> <span class='ocrx_word' id='word_1_99' title='bbox 977 2017 1194 2099; x_wconf 86' lang='lat' dir='ltr'><strong>peristomialia</strong></span> <span class='ocrx_word' id='word_1_100' title='bbox 1216 2017 1258 2092; x_wconf 89' lang='lat' dir='ltr'><strong>(si</strong></span> <span class='ocrx_word' id='word_1_101' title='bbox 1281 2019 1322 2081; x_wconf 88' lang='lat' dir='ltr'><strong>ita</strong></span> <span class='ocrx_word' id='word_1_102' title='bbox 1342 2016 1448 2082; x_wconf 78' lang='lat' dir='ltr'><strong>nlicere</strong></span> <span class='ocrx_word' id='word_1_103' title='bbox 1469 2017 1567 2080; x_wconf 86' lang='lat' dir='ltr'><strong>venia</strong></span> 
     </span>
     <span class='ocr_line' id='line_1_16' title="bbox 361 2121 1566 2205; baseline -0.001 -18"><span class='ocrx_word' id='word_1_104' title='bbox 361 2121 477 2202; x_wconf 88' lang='lat' dir='ltr'><strong>detur),</strong></span> <span class='ocrx_word' id='word_1_105' title='bbox 501 2121 688 2204; x_wconf 78' lang='lat' dir='ltr'><strong>cellulasque</strong></span> <span class='ocrx_word' id='word_1_106' title='bbox 711 2122 855 2204; x_wconf 85' lang='lat' dir='ltr'><strong>equibus</strong></span> <span class='ocrx_word' id='word_1_107' title='bbox 877 2121 1055 2185; x_wconf 86' lang='lat' dir='ltr'><strong>ellormatur</strong></span> <span class='ocrx_word' id='word_1_108' title='bbox 1076 2127 1120 2184; x_wconf 87' lang='lat' dir='ltr'><strong>tot</strong></span> <span class='ocrx_word' id='word_1_109' title='bbox 1142 2123 1244 2184; x_wconf 89' lang='lat' dir='ltr'><strong>series</strong></span> <span class='ocrx_word' id='word_1_110' title='bbox 1260 2122 1373 2185; x_wconf 90' lang='lat' dir='ltr'><strong>sistunt</strong></span> <span class='ocrx_word' id='word_1_111' title='bbox 1395 2128 1469 2205; x_wconf 84' lang='lat' dir='ltr'><strong>quot</strong></span> <span class='ocrx_word' id='word_1_112' title='bbox 1483 2122 1566 2186; x_wconf 85' lang='lat' dir='ltr'><strong>den·</strong></span> 
     </span>
     <span class='ocr_line' id='line_1_17' title="bbox 359 2224 1564 2310; baseline -0.002 -18"><span class='ocrx_word' id='word_1_113' title='bbox 359 2235 408 2292; x_wconf 91' lang='lat' dir='ltr'><strong>tes</strong></span> <span class='ocrx_word' id='word_1_114' title='bbox 432 2226 585 2309; x_wconf 89' lang='lat' dir='ltr'><strong>simplices</strong></span> <span class='ocrx_word' id='word_1_115' title='bbox 609 2233 679 2290; x_wconf 91' lang='lat' dir='ltr'><strong>sunt</strong></span> <span class='ocrx_word' id='word_1_116' title='bbox 701 2224 877 2310; x_wconf 81' lang='lat' dir='ltr'><strong>attingendi.</strong></span> <span class='ocrx_word' id='word_1_117' title='bbox 923 2225 989 2290; x_wconf 86' lang='lat' dir='ltr'><strong>Non</strong></span> <span class='ocrx_word' id='word_1_118' title='bbox 1012 2242 1119 2290; x_wconf 89' lang='lat' dir='ltr'><strong>omncs</strong></span> <span class='ocrx_word' id='word_1_119' title='bbox 1141 2224 1247 2290; x_wconf 83' lang='lat' dir='ltr'><strong>irarum</strong></span> <span class='ocrx_word' id='word_1_120' title='bbox 1275 2225 1452 2290; x_wconf 86' lang='lat' dir='ltr'><strong>cellularum</strong></span> <span class='ocrx_word' id='word_1_121' title='bbox 1474 2243 1564 2290; x_wconf 88' lang='lat' dir='ltr'><strong>com-</strong></span> 
     </span>
     <span class='ocr_line' id='line_1_18' title="bbox 360 2329 1564 2418; baseline 0.002 -23"><span class='ocrx_word' id='word_1_122' title='bbox 360 2349 454 2418; x_wconf 91' lang='lat' dir='ltr'><strong>pages</strong></span> <span class='ocrx_word' id='word_1_123' title='bbox 488 2330 525 2394; x_wconf 90' lang='lat' dir='ltr'><strong>ad</strong></span> <span class='ocrx_word' id='word_1_124' title='bbox 548 2329 716 2414; x_wconf 89' lang='lat' dir='ltr'><strong>peristomii</strong></span> <span class='ocrx_word' id='word_1_125' title='bbox 740 2331 950 2394; x_wconf 76' lang='lat' dir='ltr'><strong>formationem</strong></span> <span class='ocrx_word' id='word_1_126' title='bbox 981 2331 1183 2395; x_wconf 86' lang='lat' dir='ltr'><strong>contribuunt.</strong></span> <span class='ocrx_word' id='word_1_127' title='bbox 1230 2331 1367 2413; x_wconf 89' lang='lat' dir='ltr'><strong>ltevera,</strong></span> <span class='ocrx_word' id='word_1_128' title='bbox 1399 2333 1425 2396; x_wconf 89' lang='lat' dir='ltr'><strong>si</strong></span> <span class='ocrx_word' id='word_1_129' title='bbox 1448 2330 1564 2398; x_wconf 82' lang='lat' dir='ltr'><strong>dentes</strong></span> 
     </span>
     <span class='ocr_line' id='line_1_19' title="bbox 359 2435 1564 2520; baseline -0.002 -18"><span class='ocrx_word' id='word_1_130' title='bbox 359 2443 500 2502; x_wconf 89' lang='lat' dir='ltr'><strong>accurate</strong></span> <span class='ocrx_word' id='word_1_131' title='bbox 530 2436 691 2518; x_wconf 89' lang='lat' dir='ltr'><strong>inspicias,</strong></span> <span class='ocrx_word' id='word_1_132' title='bbox 725 2435 874 2498; x_wconf 84' lang='lat' dir='ltr'><strong>elamina</strong></span> <span class='ocrx_word' id='word_1_133' title='bbox 906 2435 1025 2518; x_wconf 89' lang='lat' dir='ltr'><strong>duplice</strong></span> <span class='ocrx_word' id='word_1_134' title='bbox 1058 2435 1156 2500; x_wconf 89' lang='lat' dir='ltr'><strong>solida</strong></span> <span class='ocrx_word' id='word_1_135' title='bbox 1188 2437 1388 2502; x_wconf 84' lang='lat' dir='ltr'><strong>transversim</strong></span> <span class='ocrx_word' id='word_1_136' title='bbox 1411 2443 1564 2520; x_wconf 75' lang='lat' dir='ltr'><strong>septetum</strong></span> 
     </span>
     <span class='ocr_line' id='line_1_20' title="bbox 360 2539 1564 2625; baseline 0 -21"><span class='ocrx_word' id='word_1_137' title='bbox 360 2541 504 2606; x_wconf 88' lang='lat' dir='ltr'><strong>lormatas</strong></span> <span class='ocrx_word' id='word_1_138' title='bbox 528 2541 666 2604; x_wconf 89' lang='lat' dir='ltr'><strong>invenies</strong></span> <span class='ocrx_word' id='word_1_139' title='bbox 689 2546 720 2602; x_wconf 91' lang='lat' dir='ltr'><strong>et</strong></span> <span class='ocrx_word' id='word_1_140' title='bbox 741 2541 768 2604; x_wconf 91' lang='lat' dir='ltr'><strong>si</strong></span> <span class='ocrx_word' id='word_1_141' title='bbox 791 2541 941 2624; x_wconf 87' lang='lat' dir='ltr'><strong>originem</strong></span> <span class='ocrx_word' id='word_1_142' title='bbox 965 2539 1060 2624; x_wconf 91' lang='lat' dir='ltr'><strong>ipsius</strong></span> <span class='ocrx_word' id='word_1_143' title='bbox 1083 2541 1213 2604; x_wconf 88' lang='lat' dir='ltr'><strong>laminae</strong></span> <span class='ocrx_word' id='word_1_144' title='bbox 1236 2549 1333 2625; x_wconf 87' lang='lat' dir='ltr'><strong>petas,</strong></span> <span class='ocrx_word' id='word_1_145' title='bbox 1357 2559 1423 2607; x_wconf 88' lang='lat' dir='ltr'><strong>anm</strong></span> <span class='ocrx_word' id='word_1_146' title='bbox 1446 2542 1479 2604; x_wconf 81' lang='lat' dir='ltr'><strong>is</strong></span> <span class='ocrx_word' id='word_1_147' title='bbox 1496 2542 1564 2604; x_wconf 90' lang='lat' dir='ltr'><strong>cel·</strong></span> 
     </span>
     <span class='ocr_line' id='line_1_21' title="bbox 360 2643 1562 2729; baseline -0.001 -18"><span class='ocrx_word' id='word_1_148' title='bbox 360 2647 487 2712; x_wconf 86' lang='lat' dir='ltr'><strong>luterum</strong></span> <span class='ocrx_word' id='word_1_149' title='bbox 511 2646 594 2709; x_wconf 89' lang='lat' dir='ltr'><strong>serie</strong></span> <span class='ocrx_word' id='word_1_150' title='bbox 617 2661 709 2727; x_wconf 89' lang='lat' dir='ltr'><strong>supra</strong></span> <span class='ocrx_word' id='word_1_151' title='bbox 732 2643 848 2708; x_wconf 89' lang='lat' dir='ltr'><strong>laudata</strong></span> <span class='ocrx_word' id='word_1_152' title='bbox 871 2663 929 2708; x_wconf 88' lang='lat' dir='ltr'><strong>nec</strong></span> <span class='ocrx_word' id='word_1_153' title='bbox 960 2647 1000 2710; x_wconf 81' lang='lat' dir='ltr'><strong>ot</strong></span> <span class='ocrx_word' id='word_1_154' title='bbox 1024 2665 1059 2710; x_wconf 87' lang='lat' dir='ltr'><strong>ea</strong></span> <span class='ocrx_word' id='word_1_155' title='bbox 1082 2653 1178 2710; x_wconf 87' lang='lat' dir='ltr'><strong>ortam</strong></span> <span class='ocrx_word' id='word_1_156' title='bbox 1202 2647 1339 2727; x_wconf 84' lang='lat' dir='ltr'><strong>videbis,</strong></span> <span class='ocrx_word' id='word_1_157' title='bbox 1374 2653 1464 2729; x_wconf 82' lang='lat' dir='ltr'><strong>atque</strong></span> <span class='ocrx_word' id='word_1_158' title='bbox 1486 2663 1562 2728; x_wconf 88' lang='lat' dir='ltr'><strong>per·</strong></span> 
     </span>
     <span class='ocr_line' id='line_1_22' title="bbox 360 2749 1563 2834; baseline -0.002 -18"><span class='ocrx_word' id='word_1_159' title='bbox 360 2771 483 2816; x_wconf 85' lang='lat' dir='ltr'><strong>suasum</strong></span> <span class='ocrx_word' id='word_1_160' title='bbox 517 2751 571 2814; x_wconf 90' lang='lat' dir='ltr'><strong>tibi</strong></span> <span class='ocrx_word' id='word_1_161' title='bbox 604 2751 679 2829; x_wconf 92' lang='lat' dir='ltr'><strong>erit,</strong></span> <span class='ocrx_word' id='word_1_162' title='bbox 713 2751 921 2832; x_wconf 88' lang='lat' dir='ltr'><strong>peristomium</strong></span> <span class='ocrx_word' id='word_1_163' title='bbox 954 2749 1026 2814; x_wconf 85' lang='lat' dir='ltr'><strong>nihil</strong></span> <span class='ocrx_word' id='word_1_164' title='bbox 1058 2751 1138 2815; x_wconf 83' lang='lat' dir='ltr'><strong>aliun</strong></span> <span class='ocrx_word' id='word_1_165' title='bbox 1169 2769 1240 2815; x_wconf 88' lang='lat' dir='ltr'><strong>esse</strong></span> <span class='ocrx_word' id='word_1_166' title='bbox 1272 2769 1360 2834; x_wconf 85' lang='lat' dir='ltr'><strong>quam</strong></span> <span class='ocrx_word' id='word_1_167' title='bbox 1393 2757 1563 2814; x_wconf 85' lang='lat' dir='ltr'><strong>stratorum</strong></span> 
     </span>
     <span class='ocr_line' id='line_1_23' title="bbox 358 2853 1563 2940; baseline -0.001 -21"><span class='ocrx_word' id='word_1_168' title='bbox 358 2855 607 2940; x_wconf 88' lang='lat' dir='ltr'><strong>peristomialinm</strong></span> <span class='ocrx_word' id='word_1_169' title='bbox 623 2871 787 2939; x_wconf 78' lang='lat' dir='ltr'><strong>compages</strong></span> <span class='ocrx_word' id='word_1_170' title='bbox 803 2853 965 2917; x_wconf 82' lang='lat' dir='ltr'><strong>verticales</strong></span> <span class='ocrx_word' id='word_1_171' title='bbox 981 2855 1140 2938; x_wconf 89' lang='lat' dir='ltr'><strong>contiguas</strong></span> <span class='ocrx_word' id='word_1_172' title='bbox 1163 2855 1297 2932; x_wconf 88' lang='lat' dir='ltr'><strong>(externi</strong></span> <span class='ocrx_word' id='word_1_173' title='bbox 1320 2857 1438 2920; x_wconf 87' lang='lat' dir='ltr'><strong>interna</strong></span> <span class='ocrx_word' id='word_1_174' title='bbox 1460 2855 1563 2919; x_wconf 88' lang='lat' dir='ltr'><strong>inter·</strong></span> 
     </span>
     <span class='ocr_line' id='line_1_24' title="bbox 360 2959 1564 3044; baseline 0 -21"><span class='ocrx_word' id='word_1_175' title='bbox 360 2962 451 3044; x_wconf 82' lang='lat' dir='ltr'><strong>nique</strong></span> <span class='ocrx_word' id='word_1_176' title='bbox 475 2965 619 3036; x_wconf 86' lang='lat' dir='ltr'><strong>externa)</strong></span> <span class='ocrx_word' id='word_1_177' title='bbox 643 2959 827 3024; x_wconf 87' lang='lat' dir='ltr'><strong>incrassatas</strong></span> <span class='ocrx_word' id='word_1_178' title='bbox 850 2959 1081 3026; x_wconf 81' lang='lat' dir='ltr'><strong>solidilicatas*.</strong></span> <span class='ocrx_word' id='word_1_179' title='bbox 1125 2961 1234 3042; x_wconf 90' lang='lat' dir='ltr'><strong>Solos,</strong></span> <span class='ocrx_word' id='word_1_180' title='bbox 1259 2961 1295 3025; x_wconf 89' lang='lat' dir='ltr'><strong>ad</strong></span> <span class='ocrx_word' id='word_1_181' title='bbox 1320 2959 1440 3026; x_wconf 85' lang='lat' dir='ltr'><strong>modum</strong></span> <span class='ocrx_word' id='word_1_182' title='bbox 1462 2961 1564 3024; x_wconf 85' lang='lat' dir='ltr'><strong>cellu-</strong></span> 
     </span>
     <span class='ocr_line' id='line_1_25' title="bbox 358 3063 1563 3146; baseline -0.001 -18"><span class='ocrx_word' id='word_1_183' title='bbox 358 3065 453 3129; x_wconf 90' lang='lat' dir='ltr'><strong>larum</strong></span> <span class='ocrx_word' id='word_1_184' title='bbox 484 3064 645 3128; x_wconf 86' lang='lat' dir='ltr'><strong>cuticulam</strong></span> <span class='ocrx_word' id='word_1_185' title='bbox 672 3063 839 3146; x_wconf 87' lang='lat' dir='ltr'><strong>plantnrum</strong></span> <span class='ocrx_word' id='word_1_186' title='bbox 869 3063 1086 3146; x_wconf 79' lang='lat' dir='ltr'><strong>perlectionem</strong></span> <span class='ocrx_word' id='word_1_187' title='bbox 1117 3064 1331 3146; x_wconf 83' lang='lat' dir='ltr'><strong>efficientium,</strong></span> <span class='ocrx_word' id='word_1_188' title='bbox 1369 3067 1563 3130; x_wconf 85' lang='lat' dir='ltr'><strong>incrassatos</strong></span> 
     </span>
     <span class='ocr_line' id='line_1_26' title="bbox 358 3167 1562 3252; baseline 0.002 -20"><span class='ocrx_word' id='word_1_189' title='bbox 358 3171 489 3252; x_wconf 90' lang='lat' dir='ltr'><strong>parietes</strong></span> <span class='ocrx_word' id='word_1_190' title='bbox 512 3167 652 3232; x_wconf 88' lang='lat' dir='ltr'><strong>residuos</strong></span> <span class='ocrx_word' id='word_1_191' title='bbox 676 3169 826 3250; x_wconf 88' lang='lat' dir='ltr'><strong>reperies,</strong></span> <span class='ocrx_word' id='word_1_192' title='bbox 849 3175 990 3232; x_wconf 87' lang='lat' dir='ltr'><strong>caeteros</strong></span> <span class='ocrx_word' id='word_1_193' title='bbox 1012 3185 1118 3234; x_wconf 86' lang='lat' dir='ltr'><strong>omnes</strong></span> <span class='ocrx_word' id='word_1_194' title='bbox 1140 3177 1246 3234; x_wconf 90' lang='lat' dir='ltr'><strong>contra</strong></span> <span class='ocrx_word' id='word_1_195' title='bbox 1268 3169 1443 3236; x_wconf 88' lang='lat' dir='ltr'><strong>destructos</strong></span> <span class='ocrx_word' id='word_1_196' title='bbox 1465 3175 1562 3252; x_wconf 79' lang='lat' dir='ltr'><strong>atque</strong></span> 
     </span>
     <span class='ocr_line' id='line_1_27' title="bbox 357 3271 1562 3359; baseline 0.001 -21"><span class='ocrx_word' id='word_1_197' title='bbox 357 3273 396 3338; x_wconf 82' lang='lat' dir='ltr'><strong>at</strong></span> <span class='ocrx_word' id='word_1_198' title='bbox 419 3273 625 3357; x_wconf 87' lang='lat' dir='ltr'><strong>peristomium</strong></span> <span class='ocrx_word' id='word_1_199' title='bbox 649 3271 869 3335; x_wconf 88' lang='lat' dir='ltr'><strong>tortillcandum</strong></span> <span class='ocrx_word' id='word_1_200' title='bbox 891 3279 1098 3355; x_wconf 90' lang='lat' dir='ltr'><strong>consumptos.</strong></span> <span class='ocrx_word' id='word_1_201' title='bbox 1131 3273 1377 3358; x_wconf 80' lang='lat' dir='ltr'><strong>substantiaque</strong></span> <span class='ocrx_word' id='word_1_202' title='bbox 1393 3291 1562 3359; x_wconf 83' lang='lat' dir='ltr'><strong>compages</strong></span> 
     </span>
     <span class='ocr_line' id='line_1_28' title="bbox 358 3375 1561 3463; baseline 0.001 -21"><span class='ocrx_word' id='word_1_203' title='bbox 358 3377 415 3442; x_wconf 83' lang='lat' dir='ltr'><strong>hae</strong></span> <span class='ocrx_word' id='word_1_204' title='bbox 445 3383 640 3442; x_wconf 85' lang='lat' dir='ltr'><strong>crassescunt</strong></span> <span class='ocrx_word' id='word_1_205' title='bbox 667 3377 716 3440; x_wconf 86' lang='lat' dir='ltr'><strong>vel</strong></span> <span class='ocrx_word' id='word_1_206' title='bbox 747 3383 841 3440; x_wconf 89' lang='lat' dir='ltr'><strong>tntum</strong></span> <span class='ocrx_word' id='word_1_207' title='bbox 870 3375 997 3442; x_wconf 88' lang='lat' dir='ltr'><strong>cellulae</strong></span> <span class='ocrx_word' id='word_1_208' title='bbox 1024 3378 1240 3459; x_wconf 88' lang='lat' dir='ltr'><strong>peristomialis</strong></span> <span class='ocrx_word' id='word_1_209' title='bbox 1269 3381 1414 3463; x_wconf 89' lang='lat' dir='ltr'><strong>parietem</strong></span> <span class='ocrx_word' id='word_1_210' title='bbox 1442 3379 1561 3460; x_wconf 87' lang='lat' dir='ltr'><strong>obruit,</strong></span> 
     </span>
     <span class='ocr_line' id='line_1_29' title="bbox 357 3479 1561 3566; baseline 0.002 -20"><span class='ocrx_word' id='word_1_211' title='bbox 357 3483 407 3547; x_wconf 85' lang='lat' dir='ltr'><strong>vel</strong></span> <span class='ocrx_word' id='word_1_212' title='bbox 428 3489 542 3566; x_wconf 90' lang='lat' dir='ltr'><strong>partem</strong></span> <span class='ocrx_word' id='word_1_213' title='bbox 566 3483 633 3565; x_wconf 89' lang='lat' dir='ltr'><strong>ejus</strong></span> <span class='ocrx_word' id='word_1_214' title='bbox 657 3481 797 3561; x_wconf 83' lang='lat' dir='ltr'><strong>mediam,</strong></span> <span class='ocrx_word' id='word_1_215' title='bbox 821 3479 902 3546; x_wconf 86' lang='lat' dir='ltr'><strong>unde</strong></span> <span class='ocrx_word' id='word_1_216' title='bbox 925 3479 1033 3545; x_wconf 89' lang='lat' dir='ltr'><strong>dentes</strong></span> <span class='ocrx_word' id='word_1_217' title='bbox 1056 3483 1251 3566; x_wconf 88' lang='lat' dir='ltr'><strong>angustiores</strong></span> <span class='ocrx_word' id='word_1_218' title='bbox 1267 3483 1454 3562; x_wconf 70' lang='lat' dir='ltr'><strong>efficiuntur,</strong></span> <span class='ocrx_word' id='word_1_219' title='bbox 1476 3481 1561 3548; x_wconf 78' lang='lat' dir='ltr'><strong>laun</strong></span> 
     </span>
     <span class='ocr_line' id='line_1_30' title="bbox 358 3585 1562 3672; baseline 0 -20"><span class='ocrx_word' id='word_1_220' title='bbox 358 3606 429 3652; x_wconf 88' lang='lat' dir='ltr'><strong>raro</strong></span> <span class='ocrx_word' id='word_1_221' title='bbox 442 3587 535 3652; x_wconf 77' lang='lat' dir='ltr'><strong>aduae</strong></span> <span class='ocrx_word' id='word_1_222' title='bbox 563 3587 693 3651; x_wconf 85' lang='lat' dir='ltr'><strong>laminae</strong></span> <span class='ocrx_word' id='word_1_223' title='bbox 722 3585 752 3648; x_wconf 90' lang='lat' dir='ltr'><strong>in</strong></span> <span class='ocrx_word' id='word_1_224' title='bbox 776 3585 876 3649; x_wconf 85' lang='lat' dir='ltr'><strong>medio</strong></span> <span class='ocrx_word' id='word_1_225' title='bbox 898 3587 1014 3669; x_wconf 88' lang='lat' dir='ltr'><strong>pariete</strong></span> <span class='ocrx_word' id='word_1_226' title='bbox 1038 3595 1198 3670; x_wconf 87' lang='lat' dir='ltr'><strong>separatae</strong></span> <span class='ocrx_word' id='word_1_227' title='bbox 1228 3588 1434 3667; x_wconf 71' lang='lat' dir='ltr'><strong>(Baetasios),</strong></span> <span class='ocrx_word' id='word_1_228' title='bbox 1465 3585 1562 3672; x_wconf 79' lang='lat' dir='ltr'><strong>alque</strong></span> 
     </span>
     <span class='ocr_line' id='line_1_31' title="bbox 358 3689 1561 3775; baseline 0 -19"><span class='ocrx_word' id='word_1_229' title='bbox 358 3693 475 3756; x_wconf 89' lang='lat' dir='ltr'><strong>laminis</strong></span> <span class='ocrx_word' id='word_1_230' title='bbox 498 3691 674 3755; x_wconf 89' lang='lat' dir='ltr'><strong>cellularum</strong></span> <span class='ocrx_word' id='word_1_231' title='bbox 696 3689 865 3754; x_wconf 83' lang='lat' dir='ltr'><strong>uicinnlium</strong></span> <span class='ocrx_word' id='word_1_232' title='bbox 889 3691 1049 3774; x_wconf 73' lang='lat' dir='ltr'><strong>contiguae</strong></span> <span class='ocrx_word' id='word_1_233' title='bbox 1065 3693 1299 3774; x_wconf 86' lang='lat' dir='ltr'><strong>conspiciuntur.</strong></span> <span class='ocrx_word' id='word_1_234' title='bbox 1331 3692 1406 3757; x_wconf 84' lang='lat' dir='ltr'><strong>Cum</strong></span> <span class='ocrx_word' id='word_1_235' title='bbox 1421 3693 1561 3775; x_wconf 86' lang='lat' dir='ltr'><strong>parietes</strong></span> 
     </span>
     <span class='ocr_line' id='line_1_32' title="bbox 357 3794 1562 3883; baseline -0.002 -21"><span class='ocrx_word' id='word_1_236' title='bbox 357 3797 562 3862; x_wconf 75' lang='lat' dir='ltr'><strong>homnontales</strong></span> <span class='ocrx_word' id='word_1_237' title='bbox 585 3801 746 3883; x_wconf 79' lang='lat' dir='ltr'><strong>augentur,</strong></span> <span class='ocrx_word' id='word_1_238' title='bbox 770 3794 878 3859; x_wconf 80' lang='lat' dir='ltr'><strong>dentes</strong></span> <span class='ocrx_word' id='word_1_239' title='bbox 901 3795 1077 3860; x_wconf 88' lang='lat' dir='ltr'><strong>trabeculati</strong></span> <span class='ocrx_word' id='word_1_240' title='bbox 1098 3797 1147 3859; x_wconf 81' lang='lat' dir='ltr'><strong>uel</strong></span> <span class='ocrx_word' id='word_1_241' title='bbox 1177 3797 1317 3862; x_wconf 85' lang='lat' dir='ltr'><strong>lamellati</strong></span> <span class='ocrx_word' id='word_1_242' title='bbox 1349 3802 1398 3876; x_wconf 91' lang='lat' dir='ltr'><strong>(nt</strong></span> <span class='ocrx_word' id='word_1_243' title='bbox 1418 3795 1454 3862; x_wconf 79' lang='lat' dir='ltr'><strong>ad</strong></span> <span class='ocrx_word' id='word_1_244' title='bbox 1477 3797 1562 3862; x_wconf 86' lang='lat' dir='ltr'><strong>latus</strong></span> 
     </span>
     <span class='ocr_line' id='line_1_33' title="bbox 358 3901 1561 3984; baseline 0 -18"><span class='ocrx_word' id='word_1_245' title='bbox 358 3903 485 3967; x_wconf 89' lang='lat' dir='ltr'><strong>interius</strong></span> <span class='ocrx_word' id='word_1_246' title='bbox 517 3901 599 3966; x_wconf 85' lang='lat' dir='ltr'><strong>(lent.</strong></span> <span class='ocrx_word' id='word_1_247' title='bbox 623 3901 793 3984; x_wconf 77' lang='lat' dir='ltr'><strong>Bryon-um)</strong></span> <span class='ocrx_word' id='word_1_248' title='bbox 816 3901 963 3980; x_wconf 80' lang='lat' dir='ltr'><strong>evadunt,</strong></span> <span class='ocrx_word' id='word_1_249' title='bbox 995 3919 1062 3964; x_wconf 89' lang='lat' dir='ltr'><strong>cnm</strong></span> <span class='ocrx_word' id='word_1_250' title='bbox 1086 3902 1245 3984; x_wconf 86' lang='lat' dir='ltr'><strong>recedunt,</strong></span> <span class='ocrx_word' id='word_1_251' title='bbox 1269 3903 1306 3966; x_wconf 90' lang='lat' dir='ltr'><strong>ad</strong></span> <span class='ocrx_word' id='word_1_252' title='bbox 1328 3903 1561 3968; x_wconf 82' lang='lat' dir='ltr'><strong>articulatinnes</strong></span> 
     </span>
     <span class='ocr_line' id='line_1_34' title="bbox 358 4005 1561 4092; baseline -0.003 -18"><span class='ocrx_word' id='word_1_253' title='bbox 358 4009 523 4090; x_wconf 85' lang='lat' dir='ltr'><strong>constricti,</strong></span> <span class='ocrx_word' id='word_1_254' title='bbox 547 4008 667 4090; x_wconf 81' lang='lat' dir='ltr'><strong>monilis</strong></span> <span class='ocrx_word' id='word_1_255' title='bbox 690 4005 814 4071; x_wconf 85' lang='lat' dir='ltr'><strong>lormam</strong></span> <span class='ocrx_word' id='word_1_256' title='bbox 846 4005 980 4072; x_wconf 88' lang='lat' dir='ltr'><strong>induunt.</strong></span> <span class='ocrx_word' id='word_1_257' title='bbox 1024 4005 1168 4070; x_wconf 86' lang='lat' dir='ltr'><strong>Laminas</strong></span> <span class='ocrx_word' id='word_1_258' title='bbox 1200 4013 1347 4092; x_wconf 87' lang='lat' dir='ltr'><strong>angustae</strong></span> <span class='ocrx_word' id='word_1_259' title='bbox 1374 4008 1561 4090; x_wconf 79' lang='lat' dir='ltr'><strong>plenamque</strong></span> 
     </span>
     <span class='ocr_line' id='line_1_35' title="bbox 357 4109 1562 4194; baseline -0.002 -16"><span class='ocrx_word' id='word_1_260' title='bbox 357 4115 562 4178; x_wconf 87' lang='lat' dir='ltr'><strong>intumescunt</strong></span> <span class='ocrx_word' id='word_1_261' title='bbox 597 4117 686 4194; x_wconf 86' lang='lat' dir='ltr'><strong>atque</strong></span> <span class='ocrx_word' id='word_1_262' title='bbox 720 4109 938 4192; x_wconf 85' lang='lat' dir='ltr'><strong>retundantur,</strong></span> <span class='ocrx_word' id='word_1_263' title='bbox 972 4109 1053 4174; x_wconf 86' lang='lat' dir='ltr'><strong>unde</strong></span> <span class='ocrx_word' id='word_1_264' title='bbox 1086 4111 1196 4174; x_wconf 89' lang='lat' dir='ltr'><strong>dentes</strong></span> <span class='ocrx_word' id='word_1_265' title='bbox 1229 4109 1386 4177; x_wconf 82' lang='lat' dir='ltr'><strong>flliiormes</strong></span> <span class='ocrx_word' id='word_1_266' title='bbox 1416 4113 1562 4176; x_wconf 77' lang='lat' dir='ltr'><strong>emuntur</strong></span> 
     </span>
     <span class='ocr_line' id='line_1_36' title="bbox 358 4219 798 4298; baseline -0.014 -14"><span class='ocrx_word' id='word_1_267' title='bbox 358 4219 548 4298; x_wconf 67' lang='lat' dir='ltr'><strong>marcatas,</strong></span> <span class='ocrx_word' id='word_1_268' title='bbox 582 4219 798 4295; x_wconf 82' lang='lat' dir='ltr'><strong>lioeomt&#39;trio).</strong></span> 
     </span>
    </p>
   </div>
   <div class='ocr_carea' id='block_1_5' title="bbox 358 4457 1558 4620">
    <p class='ocr_par' dir='ltr' id='par_1_6' title="bbox 358 4457 1558 4620">
     <span class='ocr_line' id='line_1_37' title="bbox 448 4457 1558 4530; baseline -0.002 -16"><span class='ocrx_word' id='word_1_269' title='bbox 448 4463 459 4486; x_wconf 83' lang='lat'><strong>·</strong></span> <span class='ocrx_word' id='word_1_270' title='bbox 480 4463 537 4515; x_wconf 77' lang='lat' dir='ltr'><strong>vid.</strong></span> <span class='ocrx_word' id='word_1_271' title='bbox 557 4461 629 4530; x_wconf 83' lang='lat' dir='ltr'><strong>plura</strong></span> <span class='ocrx_word' id='word_1_272' title='bbox 649 4463 680 4515; x_wconf 86' lang='lat' dir='ltr'><strong>da</strong></span> <span class='ocrx_word' id='word_1_273' title='bbox 700 4461 747 4514; x_wconf 83' lang='lat' dir='ltr'><strong>lroc</strong></span> <span class='ocrx_word' id='word_1_274' title='bbox 768 4463 793 4514; x_wconf 87' lang='lat' dir='ltr'><strong>in</strong></span> <span class='ocrx_word' id='word_1_275' title='bbox 812 4459 953 4526; x_wconf 74' lang='lat' dir='ltr'><strong>Senam,</strong></span> <span class='ocrx_word' id='word_1_276' title='bbox 973 4459 1138 4512; x_wconf 76' lang='lat' dir='ltr'><strong>lleelrmhaa</strong></span> <span class='ocrx_word' id='word_1_277' title='bbox 1156 4457 1282 4528; x_wconf 76' lang='lat' dir='ltr'><strong>nscrplanl.</strong></span> <span class='ocrx_word' id='word_1_278' title='bbox 1301 4457 1406 4528; x_wconf 69' lang='lat' dir='ltr'><strong>Argum.</strong></span> <span class='ocrx_word' id='word_1_279' title='bbox 1427 4457 1508 4519; x_wconf 77' lang='lat' dir='ltr'><strong>last,</strong></span> <span class='ocrx_word' id='word_1_280' title='bbox 1530 4471 1558 4512; x_wconf 79' lang='lat' dir='ltr'><strong>et</strong></span> 
     </span>
     <span class='ocr_line' id='line_1_38' title="bbox 358 4545 1558 4620; baseline -0.005 -14"><span class='ocrx_word' id='word_1_281' title='bbox 358 4551 442 4620; x_wconf 76' lang='lat' dir='ltr'><strong>ejusd.</strong></span> <span class='ocrx_word' id='word_1_282' title='bbox 460 4549 609 4620; x_wconf 76' lang='lat' dir='ltr'><strong>Einleitung</strong></span> <span class='ocrx_word' id='word_1_283' title='bbox 628 4551 652 4602; x_wconf 90' lang='lat' dir='ltr'><strong>in</strong></span> <span class='ocrx_word' id='word_1_284' title='bbox 671 4549 717 4604; x_wconf 84' lang='lat' dir='ltr'><strong>alas</strong></span> <span class='ocrx_word' id='word_1_285' title='bbox 736 4549 852 4604; x_wconf 80' lang='lat' dir='ltr'><strong>Studium</strong></span> <span class='ocrx_word' id='word_1_286' title='bbox 870 4547 917 4604; x_wconf 78' lang='lat' dir='ltr'><strong>ter</strong></span> <span class='ocrx_word' id='word_1_287' title='bbox 935 4547 1103 4616; x_wconf 76' lang='lat' dir='ltr'><strong>Lanbmnoaa,</strong></span> <span class='ocrx_word' id='word_1_288' title='bbox 1121 4547 1254 4618; x_wconf 71' lang='lat' dir='ltr'><strong>stuttgart,</strong></span> <span class='ocrx_word' id='word_1_289' title='bbox 1274 4547 1350 4602; x_wconf 74' lang='grc'><strong>1858.</strong></span> <span class='ocrx_word' id='word_1_290' title='bbox 1378 4565 1403 4604; x_wconf 84' lang='lat' dir='ltr'><strong>e.</strong></span> <span class='ocrx_word' id='word_1_291' title='bbox 1420 4545 1482 4600; x_wconf 75' lang='lat' dir='ltr'><strong>tm</strong></span> <span class='ocrx_word' id='word_1_292' title='bbox 1495 4547 1558 4602; x_wconf 72' lang='lat' dir='ltr'><strong>xli.</strong></span> 
     </span>
    </p>
   </div>
   <div class='ocr_carea' id='block_1_6' title="bbox 0 0 1624 5352">
    <p class='ocr_par' dir='ltr' id='par_1_7' title="bbox 0 0 1624 5352">
     <span class='ocr_line' id='line_1_39' title="bbox 0 0 1624 5352; baseline 0 2"><span class='ocrx_word' id='word_1_293' title='bbox 0 0 1624 5352; x_wconf 95' lang='lat' dir='ltr'><strong> </strong></span> 
     </span>
    </p>
   </div>
  </div>
 </body>
</html>
