3104 5364
509 373 663 426 l’cttiaecac.
1118 365 1179 431 188

36 545 111 628 bna
126 511 242 626 imile·
259 547 334 628 pilis
356 567 479 625 eorem,
502 549 602 610 uiride
625 555 653 608 et
672 545 860 628 pellucidam
881 545 959 610 Danu.
982 543 1057 608 llist.
1083 543 1178 608 llusc

87 669 171 730 llulm
193 671 224 730 in
247 675 327 732 terra
352 667 495 751 argillosa
518 667 556 728 ad
588 667 736 730 lossarum
761 667 915 748 margines
937 673 970 728 et
1000 667 1030 726 in
1061 666 1178 728 limosis

31 769 120 833 uanis
139 791 190 853 per
211 779 302 835 totam
326 771 449 837 Galliam
474 769 694 834 occidentalem
718 777 750 832 et
772 769 1021 850 meridionalem,
1045 787 1100 852 per
1121 769 1177 832 lta·

25 875 72 938 ¹im
88 887 113 939 at
130 877 237 942 insulas
259 879 511 956 mediterraneas,
535 893 591 958 per
614 873 795 938 Britanniam
817 873 869 936 ubi
892 872 1038 936 Dillenius
1060 875 1174 956 primus

27 981 83 1064 tagit,
102 981 167 1045 haud
188 1002 268 1046 rara.
313 981 453 1045 Nondum
476 983 507 1043 in
531 979 692 1044 Germania
714 978 793 1042 lecta
817 977 946 1042 videtur.

84 1087 170 1148 Fract.
193 1094 305 1150 matur.
329 1085 418 1168 ttajo.

71 1207 141 1260 lraile
156 1209 349 1276 recognoscitur
368 1207 436 1260 loliis
455 1206 522 1272 latia,
541 1203 666 1272 flaccidis,
685 1204 766 1277 laxius
784 1205 869 1270 tertia,
889 1215 916 1258 at
933 1213 987 1258 toto
1005 1205 1081 1258 coelo
1100 1207 1178 1260 distat

27 1295 69 1346 at.
83 1296 170 1346 nurui
186 1312 212 1348 a.
235 1296 343 1348 meta·
361 1311 418 1348 cum
438 1311 486 1363 qua
506 1292 636 1347 Bridelius
655 1301 681 1346 et
702 1293 746 1346 alii
771 1292 974 1362 conlundcltmt3
997 1307 1124 1362 nunquam
1148 1295 1180 1348 ad

27 1399 70 1448 ara,
85 1399 171 1450 semper
190 1383 215 1434 in
234 1391 302 1436 turra
322 1382 389 1435 nuda
409 1381 542 1450 reperitur.

388 1555 436 1622 tt
465 1553 775 1624 susurronum

372 1695 478 1749 saun
496 1695 606 1748 Recens.
626 1711 684 1764 gen.
703 1694 780 1747 Barb.

81 1816 209 1898 llumilis,
242 1820 386 1902 gregaria
414 1819 464 1880 vel
495 1817 705 1899 caespitulosa.
751 1817 831 1880 Folia
862 1815 1008 1879 inferiora
1036 1814 1179 1897 oblonga,

29 1920 140 1998 nprriora
161 1919 524 2004 oblongo-cuneilormia,
548 1929 633 1984 costa
656 1930 839 1984 excurrente
863 1919 1020 1999 stabulata,
1044 1919 1180 2002 margine

29 2021 110 2084 calena.
151 2025 216 2087 llos
233 2027 387 2090 masculus
410 2025 441 2086 in
463 2025 579 2088 ramulo
602 2025 686 2088 brevi
702 2027 808 2108 gracili
831 2023 1004 2088 terminalis.
1051 2022 1180 2104 Capsula

29 2134 116 2206 uguste
137 2127 484 2211 elongato-cylindracea
507 2135 589 2194 reeta
613 2129 662 2192 vel
685 2131 838 2212 paulisper
860 2132 1001 2208 incurva,
1034 2127 1179 2192 brunnea.

28 2223 164 2310 mantulum
199 2231 495 2297 brevi-subulatum.
550 2233 690 2296 Annulus
721 2235 818 2298 latior.
873 2231 1041 2296 Peristomii
1070 2229 1179 2294 dentes

27 2342 80 2394 uate
99 2336 257 2416 convoluti,
283 2336 457 2400 membrana
480 2338 602 2404 basilari
625 2340 692 2402 laxe
716 2336 1032 2422 quadrato-tessellata
1056 2335 1179 2399 suffulti.

27 2433 91 2516 lant.
111 2459 167 2502 eur.
188 2440 224 2522 Π,
248 2441 322 2504 'l'aln
349 2441 418 2506 157.

26 2555 45 2620 l.
66 2563 211 2644 luitura,
236 2565 326 2628 caule
349 2581 490 2646 ramoso,
515 2565 593 2630 loliis
617 2563 941 2650 oblongolanceolatis
964 2561 1180 2626 obtusiusculis

117 2669 239 2752 pilileris
264 2671 401 2754 margine
425 2669 548 2733 reflexis
574 2670 730 2752 subplanis
755 2670 883 2750 erectis,
907 2669 993 2734 theon
1016 2665 1180 2750 cylindrica

117 2783 245 2856 arcuata,
271 2775 416 2858 operculo
439 2774 577 2838 subulato
602 2783 697 2840 recto.
743 2776 868 2838 Scuuarz
890 2773 909 2835 l.
933 2794 960 2836 e.
982 2771 1034 2836 Nr.
1053 2769 1103 2836 31.

27 2867 115 2938 larua
133 2886 299 2944 extenuato
321 2878 366 2940 Du
389 2877 515 2942 Nouanus
540 2879 610 2960 Syll.

81 2997 169 3064 llolt't.
199 3003 230 3064 in
255 3008 338 3064 terra
362 3001 504 3086 argillosa
535 3001 754 3064 humidiusenln
777 2998 814 3063 ad
837 2999 952 3063 viarum
977 3006 1008 3062 et
1030 2999 1179 3062 fossarum

28 3102 138 3180 urgues
159 3105 317 3170 Sardiniae
343 3106 394 3168 ubi
416 3106 452 3172 ol.
476 3107 552 3170 Vaut
575 3103 708 3185 detexit,
739 3105 788 3168 Fa.
812 3104 928 3168 Mittunt
950 3110 982 3166 et
1003 3103 1047 3166 Du
1069 3103 1176 3168 Norae.

32 3205 93 3266 ltn'ts
112 3211 227 3291 copiose
250 3210 404 3294 legerunt

81 3312 168 3377 lauet
191 3321 304 3380 matur.
329 3333 411 3376 vere.

71 3431 172 3490 littae
191 3442 222 3490 n.
241 3437 347 3491 murali
366 3435 535 3503 habitatione,
561 3432 630 3486 loliis
649 3432 782 3487 latioribus
799 3433 970 3502 mollioribus,
989 3431 1071 3488 laxius
1089 3435 1177 3501 textit,

30 3517 99 3582 flatus
114 3525 261 3593 anguniorc,
281 3524 423 3594 peristomii
442 3522 503 3575 tubo
522 3521 626 3574 basilari
646 3520 771 3590 longiore.

374 3697 423 3767 tl.
452 3695 586 3765 narnus
606 3695 788 3776 marginata

433 3834 479 3890 Ba.
499 3847 525 3890 et
543 3837 598 3890 Sea.
617 3833 660 3889 Br.
678 3853 733 3889 eur.

90 3971 194 4040 llaiitus
216 3985 247 4042 et
270 3977 381 4042 modus
402 3978 564 4062 vegetandi
586 3975 810 4060 praecedentis.
856 3973 935 4038 Folia
959 3974 1019 4036 late
1033 3971 1178 4073 oltlongo·

30 4065 153 4142 taceatuta
173 4090 201 4145 et
223 4083 520 4166 choante-oblonga,
543 4083 681 4166 margine
703 4079 906 4144 crassiuseulo
927 4079 1097 4142 latescente
1120 4076 1178 4138 cir·

30 4177 165 4266 nornen,
186 4197 268 4252 cosla
294 4193 477 4250 excurrente
501 4195 683 4251 mucronata.
727 4185 832 4248 Floras
855 4183 979 4248 maseuli
1000 4182 1097 4264 primo
1119 4189 1179 4242 ter·

31 4279 123 4348 untes
152 4293 265 4356 taudem
298 4291 451 4356 laterales.
513 4290 640 4373 capsula
670 4289 922 4372 ovato-oblonga
956 4293 987 4350 et
1020 4304 1059 4348 ex
1091 4291 1179 4348 ovato

33 4382 193 4476 ntiulracea,
220 4397 367 4482 operculo
396 4404 523 4478 anguste
555 4396 683 4476 conieo,
717 4394 846 4472 mutieo,
875 4392 986 4458 annulo
1014 4389 1178 4455 latiuscnlo.

34 4479 102 4566 lau
121 4513 175 4559 en.
194 4498 228 4581 u,
250 4501 322 4566 rau.
344 4495 414 4563 rsa.
