3374 5366
394 381 441 446 Μ
911 385 1080 444 walamer.

400 563 470 626 llar.
496 585 521 644 γ.
544 569 697 626 ammon
719 561 844 642 elatius,
869 561 939 625 solia
962 564 1078 628 metens
1095 565 1207 648 najara
1230 563 1316 645 apiae
1331 572 1440 646 prosae
1462 559 1583 640 (lentata,

531 667 684 748 capsulam
707 665 867 750 oblongam
897 665 1089 730 suberectum
1113 667 1161 732 vel
1184 666 1307 730 omniuo
1329 671 1479 745 erectam,
1505 683 1583 749 oper·

530 769 599 834 culo
622 769 797 853 longirostri
820 769 1006 834 instructam.

402 879 574 944 utemur
594 873 764 954 fiocoecear
786 870 881 935 fleon.
904 879 935 936 et
958 860 1042 936 Taua.
1066 872 1254 938 unacum

399 981 517 1066 arpen
537 978 706 1059 lleoercenr
729 984 760 1040 et
781 977 900 1042 timore
920 977 1020 1040 Dicas.
1045 995 1108 1042 sec.
1132 977 1261 1042 Wrrson.

486 1101 588 1166 ualet.
613 1099 642 1161 in
666 1099 749 1162 saxis
771 1097 920 1179 humidis,
943 1101 1041 1162 rarius
1064 1100 1094 1161 in
1124 1106 1222 1179 terra,
1247 1098 1283 1161 ad
1306 1099 1420 1162 rimrlos
1442 1115 1585 1181 secusque

400 1211 584 1272 catarractas
606 1203 743 1287 regionis
767 1209 924 1266 montanae
940 1221 996 1287 per
1018 1210 1110 1268 totam
1126 1221 1233 1268 aonam
1256 1203 1475 1286 intermediam,
1498 1205 1586 1268 rarius

399 1313 430 1376 in
454 1306 692 1393 septentrionali.
867 1307 872 1318 '

487 1415 592 1477 cht.
615 1418 726 1474 matur.
748 1415 893 1472 autumno
916 1417 947 1474 et
968 1411 1066 1492 primo
1088 1427 1171 1474 vere.

471 1535 552 1588 lluaci
572 1531 718 1600 complures
737 1531 829 1582 arctici
849 1532 963 1599 proxime
982 1531 1014 1584 ad
1033 1532 1146 1600 speciem
1166 1531 1232 1584 lianc
1248 1517 1390 1586 accedente
1413 1549 1456 1586 cx.
1474 1549 1511 1602 gr.
1530 1533 1585 1585 tta·-

401 1607 525 1662 matun
543 1603 723 1656 tamniticam
741 1601 820 1654 llcorr.
840 1601 874 1652 lil.
894 1611 919 1654 et
937 1601 1089 1654 Dieraaraan
1106 1602 1262 1670 mutuum
1280 1603 1364 1672 ejusd.
1377 1603 1458 1658 lluaci
1471 1613 1570 1660 rauna.

647 1835 650 1844 ,
716 1776 795 1839 Sect.
818 1774 859 1838 11.
905 1775 1125 1839 chroaeae
1153 1796 1276 1840 aerae.

488 1918 569 1984 Folia
610 1916 724 1994 laevia,
764 1915 823 1978 reti
860 1914 965 1995 apiceli
998 1914 1131 1998 oblongo
1168 1916 1290 1980 basilari
1329 1918 1509 2002 rectangulc
1543 1914 1585 1979 rel

401 2026 557 2108 elongato,
582 2021 704 2103 saepius
728 2020 765 2082 ad
789 2017 917 2102 angulos
940 2019 1095 2099 quadrato.

773 2210 847 2274 Gen.
871 2205 906 2272 3.x
947 2209 1221 2275 unauntouott.

809 2321 921 2374 numm
944 2320 1013 2374 Flcr.
1032 2339 1110 2376 emer.
1129 2323 1183 2377 bor.

487 2421 606 2484 Plantae
623 2418 761 2498 humiles,
777 2419 846 2482 laxe
862 2420 1074 2500 caespitantes‚
1092 2437 1229 2483 ramosae
1246 2427 1276 2486 ct
1290 2419 1471 2486 ramulosae.
1511 2419 1583 2483 Folia

400 2525 565 2592 lanceolata
589 2531 620 2586 et
643 2523 797 2603 subulata,
827 2530 960 2604 castata,
989 2525 1048 2586 reti
1076 2524 1241 2588 laxiusculo
1264 2524 1585 2608 lineali-hexagonus

402 2626 766 2713 hexagono-rectangulo.
797 2627 900 2690 Floras
918 2627 1056 2692 monoici.
1086 2627 1302 2692 Perichaetium
1318 2628 1504 2710 distinctum,
1526 2628 1584 2691 laxe

400 2737 554 2821 temnens.
593 2733 729 2814 Calyptra
751 2731 1023 2796 inflato-cucullata.
1065 2731 1191 2815 Capsula
1214 2733 1273 2795 alte
1296 2732 1486 2816 pedlcellata,
1509 2731 1584 2814 ellip-

400 2843 458 2906 tica
482 2840 529 2904 vel
553 2838 699 2919 oblonga,
722 2836 753 2898 in
775 2836 853 2898 collo
876 2837 968 2920 longo
990 2845 1022 2899 et
1044 2836 1221 2922 longissimo
1242 2838 1309 2900 basi
1331 2837 1510 2922 plerumque
1531 2851 1585 2898 uno

401 2945 495 3010 latere
519 2943 617 3006 subito
640 2942 766 3022 ubnrpto
789 2941 899 3004 leniter
920 2941 1044 3004 cumulo
1059 2942 1239 3004 subcernua.
1278 2941 1462 3024 Operculum
1480 2939 1584 3006 subuli-
1662 2979 1663 3008 n

400 3057 511 3114 rostra.
543 3045 716 3112 nnnntuse
740 3044 865 3126 simplici
887 3046 935 3106 vel
960 3045 1069 3127 duplici
1092 3045 1266 3108 cellularum
1291 3048 1373 3110 serie
1396 3048 1583 3130 compositus.

404 3154 575 3218 Peristomli
591 3150 700 3215 dentes
724 3149 882 3214 lanceolati
907 3151 1038 3232 pertusi,
1068 3149 1236 3234 subintegrl
1260 3151 1366 3215 velud
1389 3153 1584 3232 hastamque

399 3257 600 3340 inaequaliter
621 3255 769 3331 bicrures,
796 3255 948 3336 purpurei,
973 3253 1167 3316 mediocriter
1189 3255 1413 3338 hygroscopici,
1437 3255 1583 3320 rarissime
1662 3327 1663 3330 Ἴ

401 3365 523 3428 omnino
545 3361 617 3424 nulli
636 3366 673 3422 ut
694 3361 724 3423 in
750 3359 985 3422 Trenutodonte
1003 3359 1174 3440 paradoxo
1196 3375 1224 3420 e.
1241 3379 1266 3425 a.

487 3467 647 3530 Habttotio
669 3463 834 3527 terrestris.

488 3571 605 3634 Nomen
632 3587 649 3632 a
682 3583 793 3650 graeca
825 3585 900 3634 voce
928 3591 1028 3652 rpppo
1062 3568 1197 3632 toramen
1228 3575 1261 3631 et
1289 3568 1370 3634 itm
1399 3569 1478 3634 ἀοιιι
1509 3587 1582 3634 cou-
1662 3527 1663 3570 ἶ

400 3675 540 3760 positum.

402 3798 575 3863 mecam
596 3793 697 3858 uun.
721 3793 837 3859 atum
857 3793 937 3858 ertu.

763 4003 788 4070 l.
824 3999 1022 4068 nmanrn
1049 3999 1229 4072 trerleallla.

858 4115 979 4168 ttamen
996 4113 1052 4168 eoa
1070 4115 1135 4170 leit.

487 4211 623 4294 llumilia,
640 4212 867 4295 caespitnloaus.
899 4211 998 4276 cautis
1013 4230 1153 4276 morosus
1167 4211 1285 4278 interne
1301 4213 1478 4284 denudetur.
1508 4211 1579 4280 lolia

404 4317 548 4383 interiora
570 4317 690 4380 mlnima
713 4323 845 4396 remota,
877 4319 1034 4400 superiora
1057 4325 1204 4401 congesta
1227 4318 1286 4382 late
1308 4320 1578 4394 amtolcnceotrtr,
1662 4363 1663 4386 t

401 4441 549 4504 concava,
580 4423 790 4506 integerrima,
814 4422 1015 4485 crassiuscule
1046 4429 1179 4504 costata3
1209 4423 1431 4506 perichaetlalia
1458 4422 1578 4489 caeteris

402 4530 496 4593 multa
519 4530 632 4612 majora
653 4529 720 4592 laxe
742 4527 905 4608 imbricata,
929 4527 1260 4612 elongato-lanceolata
1298 4529 1576 4613 cumanorum,
