3104 5364
357 414 416 479 1bl
869 423 1023 476 Pettiacsas.

358 596 485 660 l'ortulu
508 595 709 660 breoirostm's
731 595 821 660 Gnsv.
849 599 928 662 Scot
952 606 1047 681 crypt.
1071 598 1112 660 st.
1159 597 1253 660 iiooa.
1285 603 1319 658 ct
1340 594 1422 658 Turn.
1450 601 1546 672 (teste

483 701 604 766 Wusou
625 700 726 784 Brpol.
749 700 847 779 Brit).

350 803 388 870 B.
411 807 517 888 cipido
543 806 594 871 Be.
626 812 658 870 et
680 805 745 872 sm
775 804 875 888 Bryol.
904 825 968 874 eur.
1013 806 1047 872 c.
1081 807 1169 872 litun
1200 807 1331 890 Spnops.
1375 802 1411 868 Β.
1433 821 1552 864 m

482 910 516 974 0.
541 911 649 976 llsnrn
674 910 724 976 Sk.
749 911 790 976 ll.

311 1041 315 1052 ²
350 1016 421 1080 Var.
443 1019 473 1094 β.
495 1018 722 1098 mucronatotu,
747 1016 827 1080 loliis
850 1018 1030 1082 brevissime
1053 1017 1249 1083 mucronatis.

349 1120 419 1184 Var.
442 1145 468 1204 γ.
488 1125 629 1206 ρίἱιϊονα,
654 1123 734 1186 loliis
758 1124 970 1206 superioribus
995 1124 1025 1186 in
1047 1124 1140 1206 pilum
1163 1119 1330 1206 productis.
1506 1173 1522 1208 ,

352 1227 481 1292 Postulo
502 1229 624 1310 bifrons
646 1227 691 1290 Da
712 1227 822 1295 Nosse.
846 1229 975 1312 Specim.
1000 1227 1039 1292 de
1065 1229 1147 1294 l'ort.
1172 1227 1234 1289 ital.

437 1349 541 1414 liubit.
565 1351 595 1413 in
618 1351 713 1414 muris
736 1357 818 1414 terra
842 1349 990 1433 obtectis,
1013 1350 1139 1433 rupibus
1164 1347 1324 1413 schistosis
1347 1343 1493 1410 calmmis
1532 1372 1534 1377 v

348 1452 462 1518 siliceis
486 1457 782 1540 semideconspositis
806 1473 861 1538 per
884 1464 975 1520 totam
991 1455 1143 1539 Europam
1160 1460 1359 1538 temperatam
1375 1459 1464 1534 atque
1482 1448 1548 1513 cali·

348 1558 484 1644 dionem3
508 1562 719 1644 copiosissime
742 1560 802 1625 ridi
825 1562 856 1625 in
879 1561 986 1644 alpinis
1011 1562 1063 1625 ubi
1086 1545 1178 1644 supra
1193 1561 1312 1624 viarum
1329 1573 1432 1621 muros
1454 1555 1551 1620 denso

348 1665 470 1751 latoque
487 1668 608 1752 agmine
631 1668 762 1731 rubente
785 1685 803 1732 e
826 1668 992 1751 longinquo
1009 1667 1204 1750 conspicitur,
1230 1667 1281 1729 tali
1298 1663 1392 1728 modo
1406 1681 1548 1745 nusquam

351 1777 412 1834 tam
443 1772 591 1856 stupenda
614 1775 700 1857 copia
723 1775 883 1840 observavi
914 1792 1002 1858 quam
1031 1774 1069 1837 ad
1101 1775 1179 1837 uiam
1206 1791 1263 1857 per
1294 1771 1401 1837 lauces
1427 1769 1540 1851 alpinas

348 1874 510 1941 ducentem
534 1897 551 1942 a
573 1879 873 1962 Hobenscbsoonpuo
895 1879 932 1943 ad
956 1880 1064 1942 Reutte
1086 1878 1207 1963 Alpium
1230 1877 1453 1941 lunaticorum.

432 1981 535 2048 Frrsct.
560 1991 672 2050 mutor.
700 1993 862 2050 auctumno
885 1991 916 2048 et
938 2003 1022 2048 vere.

753 2191 783 2260 3.
826 2191 959 2261 lltrbuls
981 2191 1135 2274 uolgus.

766 2331 813 2389 sa
831 2345 857 2389 ct
876 2337 932 2388 Sca.
951 2335 1040 2406 Brpol.
1059 2353 1115 2390 eur.

431 2455 532 2519 Planta
555 2457 759 2538 praecedente
781 2459 870 2540 paulo
893 2462 998 2544 major.
1044 2459 1125 2524 Folia
1150 2455 1327 2522 stellulatim
1351 2471 1508 2538 expansa,
1532 2469 1546 2514 c

343 2555 408 2621 basi
431 2568 517 2626 ovata
539 2561 825 2628 lineali-lanceolata
849 2581 967 2628 summo
991 2565 1077 2647 apice
1101 2565 1238 2646 incurva,
1265 2561 1404 2626 siccitate
1421 2563 1546 2632 arcuata,

343 2661 434 2729 dorso
457 2666 606 2731 rubentia.
652 2665 790 2752 Calyptra
812 2669 946 2750 breuior,
969 2672 1019 2734 vix
1043 2670 1119 2734 inira
1149 2667 1332 2755 operculum
1357 2663 1545 2728 mediocriter

341 2777 505 2835 nostratum
528 2772 683 2854 producta.
729 2773 856 2855 Capsula
880 2782 1001 2846 erecta.
1034 2775 1246 2856 cylindracca,
1278 2771 1447 2850 brunnen,
1476 2769 1551 2856 sima

341 2874 464 2942 sulcata.
516 2875 655 2940 Annulus
684 2886 848 2964 angustus,
881 2880 1063 2960 persistens.
1110 2878 1282 2942 Peristomii
1313 2878 1432 2941 dentes
1461 2869 1545 2936 semel

340 2979 504 3062 convoluti,
529 2983 666 3046 siccitate
689 2984 953 3047 arcuato-incurvi.
999 2983 1099 3066 Bryol
1123 3003 1190 3048 eur.
1213 2983 1249 3063 11,
1275 2983 1348 3046 'lab
1372 2977 1448 3044 139.

339 3100 435 3166 Borb.
458 3105 564 3186 cipido
585 3113 695 3170 trunco
728 3107 860 3189 exiguo,
892 3105 972 3170 loliis
1003 3107 1194 3188 patentibus,
1225 3105 1367 3188 margine
1401 3100 1542 3169 inuoluto.

468 3208 566 3274 thecis
589 3209 729 3295 oblongis
759 3212 882 3278 erectis.
927 3209 1029 3276 ibon.
1061 3211 1100 3276 bl.
1122 3208 1221 3274 iroud.
1244 3207 1277 3289 l,
1302 3228 1331 3291 p.
1346 3205 1417 3288 65,
1442 3207 1492 3270 to.
1510 3203 1540 3266 'Li

468 3315 523 3389 (ex
545 3321 641 3396 parte,
664 3316 872 3398 peristomium
894 3313 932 3378 ad
955 3315 992 3378 B.
1017 3317 1155 3398 rigidum
1176 3323 1313 3378 nostram
1337 3315 1479 3394 pertinet
1492 3313 1520 3383 fl

342 3413 608 3498 B.n'pidulln1o.
632 3417 783 3485 Bnuuiu.
827 3420 1071 3484 liconetl'sus.
1095 3425 1281 3503 (exparte).
1486 3459 1499 3492 .
1548 3421 1549 3509 3

339 3517 375 3582 B.
399 3521 545 3603 ambiguo
567 3520 617 3585 Bn.
642 3532 673 3587 et
696 3525 763 3588 sm.
787 3503 887 3606 Brpol.
911 3543 976 3586 eur.
1000 3524 1018 3589 l.
1041 3545 1069 3587 c.
1116 3524 1150 3587 C.
1174 3523 1302 3588 Mittam
1350 3521 1389 3587 C.
1417 3521 1517 3586 llam

426 3641 530 3707 liubit.
546 3644 622 3710 locis
639 3645 799 3710 denudatis
815 3646 998 3729 argilloccis,
1022 3646 1060 3710 ad
1076 3647 1192 3710 uiarum
1208 3645 1387 3728 margines,
1415 3645 1448 3708 in
1463 3641 1538 3705 rude·

343 3747 435 3828 ratis,
463 3746 501 3811 ad
524 3767 671 3834 aggeres:
702 3751 912 3833 copiosissime
942 3770 1036 3836 prope
1066 3751 1329 3834 Acgentoratum,
1367 3769 1430 3833 per
1463 3755 1539 3812 totas

340 3853 462 3919 Galliam
479 3855 708 3920 meridionalem
724 3873 823 3938 usque
846 3857 877 3918 in
893 3855 1066 3937 Hispaniam
1083 3856 1160 3920 locis
1184 3855 1357 3919 innumeris
1378 3847 1540 3927 obseruari.

339 3961 438 4022 rarius
462 3962 493 4024 in
515 3977 592 4027 zona
615 3960 863 4044 septentrionali3
887 3961 916 4023 in
939 3961 1047 4042 alpinis
1071 3959 1151 4024 baud
1174 3959 1246 4026 uidi.

423 4066 527 4130 Frarct
552 4073 663 4130 motor.
688 4071 849 4129 auctumno
880 4071 912 4130 et
933 4083 1007 4129 vere
1037 4063 1180 4148 capsulae
1211 4073 1353 4130 maturae
1389 4072 1424 4130 et
1451 4066 1538 4126 imma·

339 4176 425 4234 turae
447 4171 653 4254 reperiuntur.
773 4169 777 4178 '

410 4289 531 4346 utitem
551 4292 734 4362 praecedente,
754 4307 812 4345 cusu
831 4308 881 4362 qua
899 4301 1018 4346 auctores
1036 4307 1125 4346 omnes
1150 4291 1358 4359 confundebant,
1382 4293 1452 4346 loliis
1469 4284 1536 4345 luti·

334 4379 421 4434 oribus
455 4381 529 4448 apice
549 4381 671 4450 incurvis,
690 4381 798 4450 capsula
816 4380 931 4450 longiore
951 4382 1092 4450 cylindrica
1111 4383 1181 4434 sicca
1200 4379 1311 4448 saltata,
1330 4379 1452 4449 operculi
1469 4383 1533 4430 rute·

334 4465 451 4520 breviore
470 4469 577 4538 obtuso,
596 4468 690 4524 annulo
706 4471 862 4540 augustiore,
882 4472 1023 4539 peristomii
1036 4470 1157 4525 dentibus
1170 4469 1251 4523 multu
1274 4469 1451 4524 brevioribus-
