3238 5352
348 336 432 392 XVlll
866 337 1030 398 introductio.

349 531 407 594 qua
424 511 462 576 de
477 531 512 574 re
529 512 667 597 bryologi
683 519 806 576 veteres
828 531 863 576 ea
877 514 997 594 pistillo
1012 514 1258 596 nominaverunt;
1282 514 1455 600 liedvvigius
1470 532 1533 578 ova·

348 619 437 696 rium,
460 615 569 697 stylum
592 625 624 680 et
647 618 755 701 stigma
779 617 921 680 distinxit.

435 718 480 784 Na
509 721 649 784 conlusio
680 721 873 784 continuetur
905 721 1095 784 recentiores
1128 740 1164 785 ea
1187 722 1385 804 Archepoaia
1414 723 1534 800 (tructus

348 823 447 900 initia)
472 823 629 906 appellant.
1137 821 1139 827 '

434 926 466 989 ln
488 927 682 1010 Archepoaio
714 928 791 992 duae
815 927 1039 1013 distinguuntur
1066 935 1169 1010 parles
1193 927 1389 1010 essentiales,
1421 949 1536 1012 pomer

347 1039 379 1095 et
399 1033 556 1114 atpiidium
579 1031 690 1114 (stylus
713 1033 805 1108 aliis).

434 1138 580 1216 (immeo,
613 1153 670 1199 seu
694 1138 809 1198 tructus
833 1137 958 1218 primum
982 1137 1200 1217 rudimentum,
1228 1137 1294 1200 basi
1317 1144 1470 1228 auenqata
1491 1154 1536 1198 re-

346 1241 503 1323 ceptaculo
539 1241 650 1304 insidet
682 1242 828 1324 apiceque
863 1242 893 1302 in
926 1238 1076 1321 stylidium
1112 1241 1326 1324 prolongatum
1362 1241 1456 1306 iorma
1488 1257 1536 1302 sua

347 1344 440 1409 ovalis
472 1346 520 1408 vel
553 1346 682 1428 oblonga
705 1352 762 1406 est.
809 1345 950 1406 Centrum
982 1345 1126 1428 germinis
1159 1344 1265 1408 cellula
1299 1352 1426 1428 occupat
1456 1360 1538 1426 quam

345 1451 581 1530 germinatiocm
611 1454 719 1512 vocant
749 1456 780 1510 et
814 1466 913 1529 equa
944 1449 1165 1530 sporothecinm
1189 1450 1330 1512 nascitur.
1377 1445 1461 1532 Opus
1482 1447 1538 1508 cel-

348 1553 489 1635 lulosum,
513 1553 594 1634 quod
617 1554 763 1636 germinis
786 1553 917 1635 parietes
941 1559 1083 1614 externos
1106 1553 1243 1616 eliormat
1266 1561 1297 1615 et
1318 1553 1478 1635 pericarpii
1498 1549 1538 1612 lo·

349 1675 417 1720 cum
440 1663 535 1736 tenet,
559 1675 701 1721 unacum
725 1657 840 1720 fructus
865 1656 1051 1720 incremento
1073 1655 1213 1720 dilatatur
1227 1657 1422 1738 tandemque,
1445 1657 1540 1718 fructu

253 1741 260 1764 ⁸
346 1759 532 1824 ascendente
556 1762 618 1824 basi
643 1780 659 1824 a
683 1759 875 1843 receptaculo
906 1761 1030 1840 avulso,
1061 1761 1117 1823 sub
1148 1762 1242 1824 torota
1265 1761 1365 1825 conuli
1387 1757 1539 1842 cylindrici

348 1866 379 1927 in
402 1864 491 1928 altum
517 1865 672 1944 evehitur3
696 1865 796 1926 serius
820 1865 849 1926 in
873 1865 1013 1945 capsulae
1030 1873 1165 1928 maturae
1181 1865 1307 1944 vertice,
1331 1865 1430 1928 rarius
1454 1870 1540 1928 totam

348 1969 607 2052 circumcingens,
641 1967 752 2030 formas
775 1985 830 2048 pro
853 1985 968 2048 genere
992 1967 1129 2030 diversas
1152 1966 1247 2029 induit
1269 1968 1453 2048 nomineque
1478 1967 1540 2028 Co-

348 2075 470 2156 ipptroe
494 2072 648 2136 salutatur.

433 2177 612 2257 saphatam,
636 2176 765 2260 germini
788 2174 936 2255 insidens,
959 2175 989 2236 in
1012 2174 1102 2237 variis
1126 2176 1285 2256 speciebus
1310 2176 1422 2238 variam
1446 2173 1540 2258 longi-

344 2269 479 2346 tudinem
504 2279 645 2360 exhibet,
670 2299 792 2362 semper
815 2287 897 2342 teres
921 2285 967 2340 est
991 2286 1098 2359 atque,
1128 2285 1197 2340 ante
1221 2279 1445 2345 fecundationis
1469 2287 1540 2342 teat*

344 2402 413 2468 pus,
436 2385 520 2466 apice
543 2382 647 2446 clauso
670 2383 998 2446 rotundato-obtusum.
1043 2383 1112 2445 Mihi
1134 2383 1209 2447 latet
1230 2403 1268 2448 an
1291 2385 1346 2450 hac
1369 2393 1471 2448 aetate
1494 2403 1540 2446 ca-

347 2489 424 2552 nalis
448 2487 509 2568 illc,
533 2488 583 2568 qui
605 2495 675 2570 post
698 2487 941 2550 secundationcm
964 2487 1106 2550 distincte
1126 2489 1319 2569 conspicitur,
1337 2491 1464 2573 jamjam
1481 2507 1542 2550 om·

346 2593 417 2656 nino
446 2590 568 2675 pervius
592 2591 640 2652 sit.
686 2590 880 2674 Archegonio
904 2595 941 2655 ad
966 2592 1083 2673 nuptias
1108 2599 1242 2668 maturo,
1273 2591 1427 2673 stylidium
1459 2593 1541 2674 apice

345 2695 522 2758 dehiscente
545 2695 694 2776 aperitur,
719 2702 878 2775 aperturae
910 2713 1014 2779 margo
1036 2693 1160 2758 clastice
1183 2695 1364 2776 revolvitur,
1394 2697 1543 2760 orificium

345 2801 439 2884 ipsum
463 2799 577 2862 sensim
601 2795 767 2879 ampliatur,
799 2798 838 2858 ita
861 2805 904 2876 ut,
929 2799 957 2860 in
982 2800 1069 2862 tubae
1093 2799 1211 2860 modum
1235 2800 1400 2882 dilatatum,
1434 2803 1544 2886 stigma

268 2889 277 2898 ”
345 2900 612 2968 infundibiliiormc
636 2909 683 2964 sat
716 2902 796 2964 bene
821 2901 954 2986 effingat.
1000 2901 1115 2966 Dehinc
1146 2902 1285 2966 ductulus
1309 2925 1325 2966 a
1348 2905 1464 2985 stvlidii
1487 2904 1545 2966 ori·

344 3006 412 3070 ticio
435 3006 581 3088 incipiens
605 3014 636 3069 et
658 3023 755 3086 usque
779 3004 816 3067 ad
846 3005 983 3069 cellulam
1011 3009 1236 3090 gcrnrinativarn
1259 3010 1469 3092 descendens,
1494 3028 1544 3074 co·

343 3111 408 3174 tore
430 3127 487 3172 suo
509 3117 746 3194 purpurascente
770 3110 903 3192 perbclle
927 3109 1129 3194 distinguitur.

430 3213 691 3297 Archegoniorom
723 3231 867 3276 numerus
888 3215 919 3276 in
942 3214 1070 3278 diversis
1093 3234 1265 3280 muscorum
1287 3219 1453 3300 speciebus
1479 3237 1542 3284 non

344 3320 423 3385 idem
453 3322 621 3400 invenitur3
652 3321 807 3384 rarissime
839 3337 930 3382 onum
962 3318 1067 3382 saitem
1099 3319 1186 3384 adest
1216 3329 1245 3384 ct
1275 3321 1365 3404 vulgo
1396 3325 1489 3404 plura
1516 3329 1545 3383 ct

344 3423 434 3490 multa
458 3433 672 3504 numerantur,
696 3443 713 3486 o
737 3425 845 3508 quibus
868 3422 1044 3506 plerumque
1067 3439 1159 3484 unum
1182 3423 1370 3488 solummodo
1393 3425 1547 3490 secunda·

343 3538 402 3613 tur,
426 3529 496 3596 dum
519 3537 641 3594 caetera
664 3533 868 3609 exsiccantur,
891 3527 982 3610 inque
1005 3526 1196 3608 receptaculo
1212 3527 1389 3608 persistunt,
1415 3531 1468 3592 vet
1486 3549 1547 3592 una

343 3653 410 3698 curn
433 3634 572 3718 vaginula
597 3633 711 3698 tructus
736 3632 846 3696 novelli
868 3631 1053 3696 ascendente
1076 3631 1246 3696 evehuntur
1267 3633 1374 3716 eique,
1397 3642 1547 3721 tanquam

343 3738 472 3802 thalamo
493 3737 660 3816 communi,
693 3753 833 3816 exsucca,
858 3736 960 3799 colore
984 3735 1052 3798 rulo
1080 3735 1128 3798 vei
1149 3753 1302 3818 purpureo
1326 3739 1440 3824 tincta,
1474 3743 1549 3804 insi·

341 3841 424 3906 dent.
461 3841 632 3924 Aliquando
655 3846 756 3904 tameo
779 3841 849 3921 duo,
874 3841 930 3904 tria
954 3847 984 3904 et
1006 3843 1091 3926 ptura
1114 3842 1324 3924 fecundantur,
1350 3846 1438 3910 unde
1464 3848 1549 3911 irac-

341 3953 390 4012 tus
412 3945 514 4030 plures
536 3943 586 4008 vel
609 3943 778 4028 aggregati,
801 3961 840 4006 ex
862 3946 971 4008 eodem
987 3946 1171 4026 periebaetio
1187 3947 1394 4031 egredientes,
1420 3952 1549 4036 conspi-

342 4051 479 4132 ciuntur,
511 4056 544 4112 ut
573 4049 604 4112 in
633 4049 853 4130 Ptpctomtato
881 4049 1078 4132 polyphylto,
1110 4049 1142 4112 io
1163 4049 1304 4113 Dieraao
1331 4053 1495 4120 mutata
1519 4063 1552 4120 et

341 4155 475 4236 mqiore,
504 4152 535 4216 in
557 4151 643 4216 ilitio
665 4153 827 4232 mantuo,
851 4151 882 4214 io
904 4153 1062 4216 Climaciia
1085 4159 1143 4216 etc.
1187 4152 1381 4237 Arclvegonia
1403 4159 1550 4224 abortiva

341 4277 465 4342 semper
486 4256 607 4340 rtvtttto
629 4257 853 4340 epicarpium,
876 4265 907 4321 et
929 4255 1008 4322 haud
1030 4274 1101 4323 raro
1116 4259 1211 4340 primo
1234 4258 1348 4324 tructus
1364 4261 1550 4330 rudimento

341 4366 496 4447 inuncta,
518 4363 721 4448 reperiuntur.
