3238 5352
529 457 695 514 immons.

335 724 365 786 s.
382 723 412 776 Δ.
440 723 672 786 Desperatum
690 719 881 776 evotuttona.

123 859 180 922 dun
198 860 325 926 cellulas
349 880 536 946 sporopenas
558 859 778 945 primordiales,
802 860 930 942 spatium
952 858 1032 922 inter
1054 857 1207 944 sporangii

66 963 215 1028 asabranam
244 973 404 1030 externum
427 972 458 1029 et
489 966 636 1029 internam
659 970 859 1046 occupantes,
888 963 984 1047 primo
1012 970 1111 1028 aetate
1134 982 1206 1028 exa·

66 1067 109 1129 uini
131 1068 292 1150 subnittas,
329 1076 453 1134 stratum
491 1069 634 1152 simplex,
668 1081 684 1131 a
712 1067 813 1132 stratis
844 1067 1124 1150 circumjacentibus
1147 1075 1206 1132 um

62 1170 123 1234 inm
140 1179 165 1234 st
184 1173 388 1260 magnitudine
410 1173 583 1237 cellularum
599 1191 686 1256 quam
709 1173 812 1238 colore
834 1173 1093 1236 distinctissimum
1115 1171 1206 1236 edor-

61 1283 139 1338 mrtes
156 1296 201 1342 eas
220 1279 383 1359 invenies3
407 1277 532 1342 cellulae
553 1275 611 1341 bae
633 1277 802 1342 matricales
818 1275 1025 1359 primordiales
1047 1275 1104 1340 boc
1127 1282 1202 1340 tem·

59 1395 107 1459 pore
127 1379 270 1446 blitudine
298 1381 485 1446 altitudinem
513 1389 693 1465 superantes
730 1399 828 1446 massa
857 1381 1056 1466 mucilaginea
1087 1380 1205 1444 chloro-

59 1481 151 1564 pipiom
169 1485 308 1570 impletas
331 1487 535 1571 reperiuntur.
1165 1509 1167 1520 ·

116 1590 174 1653 dum
193 1591 349 1675 capsulam
373 1591 469 1677 magis
492 1592 667 1676 explicatam
691 1591 915 1676 investigationi
937 1589 1090 1675 subjicias,
1113 1589 1206 1653 ostiu·

62 1689 164 1758 birtrati
183 1697 351 1780 sporopeui
382 1714 472 1778 supra
494 1697 645 1779 simplices
672 1694 806 1761 laudatas
837 1695 868 1758 in
898 1693 976 1758 duas
1006 1693 1055 1758 vel
1076 1700 1207 1776 quatuor

62 1803 126 1872 pane
142 1797 245 1863 diuisas
271 1800 402 1864 uidebis.
445 1801 571 1865 Fructus
600 1799 801 1864 evolutionem
833 1799 1009 1863 ulteriorem
1032 1803 1205 1878 secuturus,

58 1897 139 1964 ebur
158 1901 207 1966 bas
228 1921 312 1988 qnae
335 1921 417 1968 nune
438 1904 554 1969 ordinis
571 1904 698 1969 secundi
713 1903 865 1985 (licuntur,
888 1903 997 1968 eodem
1013 1900 1102 1966 mmo
1117 1917 1206 1984 quam

55 2000 98 2064 t'ltt
113 2006 184 2086 pini
205 2005 325 2071 ordinis
347 2015 469 2072 secatus
491 2008 675 2092 cellulasque
705 2008 785 2072 tertii
815 2007 929 2072 ordinis
958 2006 1137 2070 exhibentes
1159 2006 1206 2070 in·

52 2105 139 2188 venien
162 2128 180 2174 e
200 2111 322 2175 cellulis
345 2111 392 2175 bis
416 2130 525 2196 sporae
547 2113 632 2196 ipsae
654 2112 854 2196 quaternatim
877 2117 1054 2191 noscuntur,
1085 2126 1143 2192 qua
1166 2107 1205 2174 ds

50 2223 73 2268 n
88 2215 241 2279 sonioslea
263 2217 420 2298 speciales
441 2213 642 2280 nominantur.
686 2215 868 2280 bionendum
889 2223 989 2280 nmen
1012 2231 1072 2278 non
1093 2231 1206 2298 paucos

50 2329 98 2376 ees
114 2334 239 2401 muscos,
270 2337 403 2403 quorum
426 2318 553 2384 cellulae
576 2319 745 2384 matricales
768 2320 916 2403 speciales
939 2337 958 2382 e
979 2317 1097 2384 cellulis
1119 2317 1207 2401 primi

50 2415 81 2478 nl
96 2423 203 2486 moui
225 2423 345 2488 ordinis
368 2431 536 2489 nascuntur
559 2424 788 2502 (Pboscoeene,
819 2424 1059 2502 Arcbldiocsoe,
1083 2422 1206 2487 Pottio-

48 2529 117 2600 αα),
136 2533 165 2588 et
184 2545 239 2592 eos
263 2529 430 2612 praecipue
453 2529 505 2610 qui
526 2528 625 2610 sporis
648 2528 820 2611 majusculis
844 2528 989 2611 gaudem.

107 2626 225 2693 &liniae
251 2631 427 2695 matricsles
457 2632 605 2714 speciales
634 2634 733 2695 minus
765 2639 847 2695 arcte
877 2633 957 2696 inter
984 2650 1020 2694 se
1042 2628 1207 2694 cobserent

46 2743 107 2805 tun
124 2733 243 2798 cellulae
266 2735 411 2800 ordinum
435 2734 692 2818 praecedentium,
716 2753 776 2819 quo
799 2735 831 2799 dt
845 2743 878 2799 ut
893 2735 1045 2799 lenissima
1061 2749 1206 2817 pressura

46 2846 98 2894 ase
116 2834 233 2902 invicem
257 2841 475 2904 dimoveantur
490 2846 579 2922 atque
602 2840 714 2904 literae
737 2841 767 2902 in
783 2841 880 2924 spatio
898 2841 1021 2924 jaceant
1043 2846 1094 2904 aut
1108 2857 1206 2922 aquae

45 2933 146 3002 trimae
165 2941 315 3007 innateut
361 2943 594 3006 Forma-earum
616 2951 714 3026 antea,
737 2945 966 3028 compressione
988 2949 1090 3008 mutua
1111 2961 1205 3027 anpu-
1346 2957 1349 2972 ·

46 3033 104 3120 lna,
131 3046 356 3110 membranulae
388 3045 560 3112 dilatatione
582 3049 612 3112 in
639 3048 828 3112 rotundatum
857 3053 1081 3110 transmutatur.
1127 3046 1207 3111 Cave

46 3157 71 3201 ts
82 3145 183 3212 minias
198 3151 254 3215 bas
270 3169 331 3235 pro
352 3150 426 3234 ipsis
442 3151 540 3233 sporis
552 3153 722 3235 junioribus
745 3153 866 3219 trabeas.
903 3151 952 3215 Ad
974 3151 1028 3214 bas
1044 3149 1206 3215 eberman-

47 3241 82 3306 lot
98 3252 252 3320 substantia
276 3273 360 3338 quse
383 3255 415 3318 in
438 3254 544 3317 cellula
567 3255 710 3320 matriculi
731 3255 905 3318 continetur
926 3254 956 3316 in
979 3259 1108 3335 quatuor
1130 3251 1205 3316 divi·

51 3347 100 3414 litu
116 3365 209 3436 prrtea
233 3379 318 3444 quae
343 3361 566 3425 membranulae
581 3377 651 3424 sese
675 3359 801 3423 induunt
822 3375 990 3442 sperasque
1005 3357 1205 3439 quaternatim

51 3457 187 3526 munaus
218 3466 372 3530 efficiunt.
429 3467 543 3558 &rome
572 3464 629 3530 boc
661 3463 750 3528 modo
784 3471 891 3528 enatae
926 3463 1064 3547 juniores
1096 3477 1206 3543 pressu

50 3565 117 3624 wito
134 3568 300 3652 mpmosre
331 3569 410 3633 baud
433 3587 503 3634 raro
525 3577 629 3633 exacte
652 3568 804 3632 tetraedra
835 3567 1045 3651 reperiuntur,
1069 3564 1205 3648 perfecte

48 3671 143 3732 brume
171 3673 357 3756 plerumque
389 3672 583 3754 rotundatae3
613 3673 643 3738 in
675 3673 831 3736 Andros&
861 3677 952 3753 atque
973 3670 1131 3752 Sptapnta
1152 3668 1205 3733 de·

47 3779 306 3842 suentensem
322 3783 495 3858 remanent,
512 3778 542 3840 in
558 3777 715 3841 Arcbidts‘s
729 3772 1089 3858 crystallino-polpedrae.
1113 3773 1205 3836 blem-

46 3863 110 3934 bam
123 3895 232 3959 oporam
248 3883 351 3966 prima
368 3888 471 3945 aetate
486 3881 726 3945 circumcludens
749 3879 928 3944 tenuissima
950 3877 1067 3960 bpelina
1090 3878 1206 3942 sensim

48 3983 188 4064 illuserit,
210 3985 416 4051 solidiiicatur
437 3991 527 4066 atque
549 3985 650 4050 colore
673 3985 800 4070 singulis
824 3983 985 4066 speciebus
1006 3981 1130 4066 proprio
1145 3983 1204 4046 tin·

49 4075 110 4151 titt
144 4085 315 4154 ltembrana
341 4089 436 4168 baec,
461 4090 583 4152 nomine
605 4091 764 4172 worpoaii
785 4095 901 4168 vocata,
925 4095 977 4151 aut
998 4084 1121 4150 omnino
1143 4084 1204 4149 lae·

50 4191 91 4298 'b'
110 4195 152 4251 tut
168 4194 306 4276 prmus,
343 4191 481 4278 punctis
512 4191 559 4256 uei
588 4187 705 4277 papillis
736 4192 840 4258 solidis
873 4191 1012 4274 asperula
1042 4189 1204 4269 invenitur,

52 4297 119 4356 pnes
135 4295 252 4361 interior
274 4296 489 4362 membranula
510 4297 566 4362 ista
588 4297 781 4362 subtilissima
803 4295 933 4360 vestitur
954 4314 1044 4379 quam
1067 4293 1204 4358 cellulam

55 4379 122 4502 ⁴'l'ttt
136 4403 368 4479 primordium
390 4409 423 4467 et
446 4421 464 4465 e
486 4421 544 4486 qua
565 4401 710 4471 utriculos
738 4401 913 4466 edormatur
935 4418 995 4483 quo
1016 4398 1110 4480 ptime
1133 4413 1202 4482 uer·

58 4500 177 4566 mtliouis
197 4507 355 4572 elementa
380 4505 566 4571 inchoantur.
