<?xml version="1.0" encoding="UTF-8"?>
<!DOCTYPE html PUBLIC "-//W3C//DTD XHTML 1.0 Transitional//EN"
    "http://www.w3.org/TR/xhtml1/DTD/xhtml1-transitional.dtd">
<html xmlns="http://www.w3.org/1999/xhtml" xml:lang="en" lang="en">
 <head>
  <title>
</title>
<meta http-equiv="Content-Type" content="text/html;charset=utf-8" />
  <meta name='ocr-system' content='tesseract 3.04.00' />
  <meta name='ocr-capabilities' content='ocr_page ocr_carea ocr_par ocr_line ocrx_word'/>
</head>
<body>
  <div class='ocr_page' id='page_1' title='image "./synopsismuscoru01schigoog_0027.png"; bbox 0 0 3238 5352; ppageno 0'>
   <div class='ocr_carea' id='block_1_1' title="bbox 264 341 1017 436">
    <p class='ocr_par' dir='ltr' id='par_1_1' title="bbox 264 341 1017 436">
     <span class='ocr_line' id='line_1_1' title="bbox 264 341 1017 436; baseline 0.001 -4"><span class='ocrx_word' id='word_1_1' title='bbox 264 341 270 354; x_wconf 78' lang='grc'>’</span> <span class='ocrx_word' id='word_1_2' title='bbox 339 375 399 432; x_wconf 82' lang='lat' dir='ltr'><strong>rur</strong></span> <span class='ocrx_word' id='word_1_3' title='bbox 851 380 1017 436; x_wconf 64' lang='lat' dir='ltr'><strong>rm.</strong></span> 
     </span>
    </p>
   </div>
   <div class='ocr_carea' id='block_1_2' title="bbox 337 551 1545 4484">
    <p class='ocr_par' dir='ltr' id='par_1_2' title="bbox 339 551 1535 1139">
     <span class='ocr_line' id='line_1_2' title="bbox 339 551 1531 636; baseline 0.002 -20"><span class='ocrx_word' id='word_1_4' title='bbox 339 553 491 617; x_wconf 66' lang='lat' dir='ltr'><strong>lucullum</strong></span> <span class='ocrx_word' id='word_1_5' title='bbox 517 551 653 634; x_wconf 84' lang='lat' dir='ltr'><strong>minimo,</strong></span> <span class='ocrx_word' id='word_1_6' title='bbox 669 552 880 636; x_wconf 62' lang='lat' dir='ltr'><strong>aborpdcotc,</strong></span> <span class='ocrx_word' id='word_1_7' title='bbox 911 571 1038 618; x_wconf 86' lang='lat' dir='ltr'><strong>unacum</strong></span> <span class='ocrx_word' id='word_1_8' title='bbox 1068 553 1378 622; x_wconf 58' lang='lat' dir='ltr'><strong>maculatione</strong></span> <span class='ocrx_word' id='word_1_9' title='bbox 1408 567 1531 636; x_wconf 58' lang='lat' dir='ltr'><strong>auger</strong></span> 
     </span>
     <span class='ocr_line' id='line_1_3' title="bbox 339 657 1532 742; baseline -0.003 -20"><span class='ocrx_word' id='word_1_10' title='bbox 339 666 390 722; x_wconf 92' lang='lat' dir='ltr'><strong>tur</strong></span> <span class='ocrx_word' id='word_1_11' title='bbox 410 657 543 740; x_wconf 83' lang='lat' dir='ltr'><strong>illudque</strong></span> <span class='ocrx_word' id='word_1_12' title='bbox 568 658 755 722; x_wconf 84' lang='lat' dir='ltr'><strong>involuerum</strong></span> <span class='ocrx_word' id='word_1_13' title='bbox 776 659 927 741; x_wconf 70' lang='lat' dir='ltr'>peculiare</span> <span class='ocrx_word' id='word_1_14' title='bbox 949 660 1016 741; x_wconf 91' lang='lat' dir='ltr'><strong>ptus</strong></span> <span class='ocrx_word' id='word_1_15' title='bbox 1040 659 1137 724; x_wconf 89' lang='lat' dir='ltr'><strong>minus</strong></span> <span class='ocrx_word' id='word_1_16' title='bbox 1164 660 1360 742; x_wconf 89' lang='lat' dir='ltr'><strong>conspicuum</strong></span> <span class='ocrx_word' id='word_1_17' title='bbox 1382 657 1532 735; x_wconf 80' lang='lat' dir='ltr'><strong>efficiunt,</strong></span> 
     </span>
     <span class='ocr_line' id='line_1_4' title="bbox 340 759 1534 850; baseline -0.001 -26"><span class='ocrx_word' id='word_1_18' title='bbox 340 761 421 844; x_wconf 83' lang='lat' dir='ltr'><strong>quud</strong></span> <span class='ocrx_word' id='word_1_19' title='bbox 443 763 563 826; x_wconf 78' lang='lat' dir='ltr'><strong>nomme</strong></span> <span class='ocrx_word' id='word_1_20' title='bbox 583 763 767 845; x_wconf 80' lang='lat' dir='ltr'><strong>pericinetr&#39;i</strong></span> <span class='ocrx_word' id='word_1_21' title='bbox 787 767 873 846; x_wconf 76' lang='lat' dir='ltr'><strong>(nepe</strong></span> <span class='ocrx_word' id='word_1_22' title='bbox 895 771 927 826; x_wconf 90' lang='lat' dir='ltr'><strong>et</strong></span> <span class='ocrx_word' id='word_1_23' title='bbox 947 787 1053 850; x_wconf 73' lang='grc' dir='ltr'><em>χαιτη,</em></span> <span class='ocrx_word' id='word_1_24' title='bbox 1075 765 1154 828; x_wconf 86' lang='lat' dir='ltr'><strong>circu</strong></span> <span class='ocrx_word' id='word_1_25' title='bbox 1175 768 1283 840; x_wconf 70' lang='lat' dir='ltr'><strong>mlum)</strong></span> <span class='ocrx_word' id='word_1_26' title='bbox 1304 765 1324 826; x_wconf 89' lang='lat' dir='ltr'><strong>i.</strong></span> <span class='ocrx_word' id='word_1_27' title='bbox 1340 781 1369 826; x_wconf 81' lang='lat' dir='ltr'><strong>e</strong></span> <span class='ocrx_word' id='word_1_28' title='bbox 1382 759 1534 826; x_wconf 75' lang='lat' dir='ltr'><strong>involucri</strong></span> 
     </span>
     <span class='ocr_line' id='line_1_5' title="bbox 341 863 1535 950; baseline 0.003 -22"><span class='ocrx_word' id='word_1_29' title='bbox 341 873 438 929; x_wconf 86' lang='lat' dir='ltr'><strong>setam</strong></span> <span class='ocrx_word' id='word_1_30' title='bbox 461 882 517 928; x_wconf 87' lang='lat' dir='ltr'><strong>scu</strong></span> <span class='ocrx_word' id='word_1_31' title='bbox 532 865 672 948; x_wconf 70' lang='lat' dir='ltr'><strong>capsum</strong></span> <span class='ocrx_word' id='word_1_32' title='bbox 688 865 866 948; x_wconf 90' lang='lat' dir='ltr'><strong>pedicellum</strong></span> <span class='ocrx_word' id='word_1_33' title='bbox 885 867 1163 950; x_wconf 83' lang='lat' dir='ltr'><strong>circumcingentis3</strong></span> <span class='ocrx_word' id='word_1_34' title='bbox 1186 885 1292 930; x_wconf 91' lang='lat' dir='ltr'><strong>omnes</strong></span> <span class='ocrx_word' id='word_1_35' title='bbox 1308 868 1373 930; x_wconf 87' lang='lat' dir='ltr'><strong>lere</strong></span> <span class='ocrx_word' id='word_1_36' title='bbox 1388 863 1535 948; x_wconf 69' lang='lat' dir='ltr'><strong>Bmlugi</strong></span> 
     </span>
     <span class='ocr_line' id='line_1_6' title="bbox 341 965 1533 1052; baseline -0.004 -18"><span class='ocrx_word' id='word_1_37' title='bbox 341 969 560 1052; x_wconf 83' lang='lat' dir='ltr'><strong>perichaolium</strong></span> <span class='ocrx_word' id='word_1_38' title='bbox 581 969 639 1032; x_wconf 82' lang='lat' dir='ltr'><strong>lucc</strong></span> <span class='ocrx_word' id='word_1_39' title='bbox 666 987 734 1033; x_wconf 90' lang='lat' dir='ltr'><strong>cum</strong></span> <span class='ocrx_word' id='word_1_40' title='bbox 763 969 829 1051; x_wconf 90' lang='lat' dir='ltr'><strong>ipso</strong></span> <span class='ocrx_word' id='word_1_41' title='bbox 850 969 1004 1034; x_wconf 84' lang='lat' dir='ltr'><strong>involucro</strong></span> <span class='ocrx_word' id='word_1_42' title='bbox 1032 970 1128 1035; x_wconf 86' lang='lat' dir='ltr'><strong>durati</strong></span> <span class='ocrx_word' id='word_1_43' title='bbox 1157 975 1416 1036; x_wconf 80' lang='lat' dir='ltr'><strong>commutaverunt</strong></span> <span class='ocrx_word' id='word_1_44' title='bbox 1437 975 1471 1032; x_wconf 92' lang='lat' dir='ltr'><strong>et</strong></span> <span class='ocrx_word' id='word_1_45' title='bbox 1493 965 1533 1030; x_wconf 87' lang='lat' dir='ltr'><strong>ad</strong></span> 
     </span>
     <span class='ocr_line' id='line_1_7' title="bbox 340 1073 632 1139; baseline 0.003 -1"><span class='ocrx_word' id='word_1_46' title='bbox 340 1073 420 1138; x_wconf 86' lang='lat' dir='ltr'><strong>diem</strong></span> <span class='ocrx_word' id='word_1_47' title='bbox 441 1080 632 1139; x_wconf 82' lang='lat' dir='ltr'><strong>commutant.</strong></span> 
     </span>
    </p>

    <p class='ocr_par' dir='ltr' id='par_1_3' title="bbox 337 1174 1539 1972">
     <span class='ocr_line' id='line_1_8' title="bbox 426 1174 1535 1262; baseline -0.001 -23"><span class='ocrx_word' id='word_1_48' title='bbox 426 1175 471 1240; x_wconf 86' lang='lat' dir='ltr'><strong>Ne</strong></span> <span class='ocrx_word' id='word_1_49' title='bbox 492 1193 581 1240; x_wconf 89' lang='lat' dir='ltr'><strong>error</strong></span> <span class='ocrx_word' id='word_1_50' title='bbox 610 1177 803 1241; x_wconf 83' lang='lat' dir='ltr'><strong>continuetur</strong></span> <span class='ocrx_word' id='word_1_51' title='bbox 828 1179 1025 1262; x_wconf 73' lang='lat' dir='ltr'><strong>pcra&#39;ppcium</strong></span> <span class='ocrx_word' id='word_1_52' title='bbox 1046 1179 1195 1244; x_wconf 83' lang='lat' dir='ltr'><strong>nominavi</strong></span> <span class='ocrx_word' id='word_1_53' title='bbox 1223 1177 1424 1256; x_wconf 80' lang='lat' dir='ltr'><strong>involucrum,</strong></span> <span class='ocrx_word' id='word_1_54' title='bbox 1447 1174 1535 1258; x_wconf 88' lang='lat' dir='ltr'><strong>quod</strong></span> 
     </span>
     <span class='ocr_line' id='line_1_9' title="bbox 340 1278 1536 1367; baseline -0.004 -22"><span class='ocrx_word' id='word_1_55' title='bbox 340 1299 453 1365; x_wconf 84' lang='lat' dir='ltr'><strong>orgrna</strong></span> <span class='ocrx_word' id='word_1_56' title='bbox 475 1281 615 1362; x_wconf 79' lang='lat' dir='ltr'><strong>feminea,</strong></span> <span class='ocrx_word' id='word_1_57' title='bbox 635 1283 840 1364; x_wconf 81' lang='lat' dir='ltr'><strong>pcripcmium</strong></span> <span class='ocrx_word' id='word_1_58' title='bbox 861 1283 940 1366; x_wconf 81' lang='lat' dir='ltr'><strong>qnod</strong></span> <span class='ocrx_word' id='word_1_59' title='bbox 963 1283 1012 1347; x_wconf 88' lang='lat' dir='ltr'><strong>illc</strong></span> <span class='ocrx_word' id='word_1_60' title='bbox 1033 1284 1191 1367; x_wconf 86' lang='lat' dir='ltr'><strong>utriusque</strong></span> <span class='ocrx_word' id='word_1_61' title='bbox 1214 1301 1307 1348; x_wconf 80' lang='lat' dir='ltr'><strong>sexus</strong></span> <span class='ocrx_word' id='word_1_62' title='bbox 1329 1278 1471 1361; x_wconf 79' lang='lat' dir='ltr'><strong>includit,</strong></span> <span class='ocrx_word' id='word_1_63' title='bbox 1496 1298 1536 1342; x_wconf 84' lang='lat' dir='ltr'><strong>ec</strong></span> 
     </span>
     <span class='ocr_line' id='line_1_10' title="bbox 337 1383 1536 1470; baseline -0.004 -20"><span class='ocrx_word' id='word_1_64' title='bbox 337 1388 533 1469; x_wconf 60' lang='lat' dir='ltr'><strong>perpessum</strong></span> <span class='ocrx_word' id='word_1_65' title='bbox 564 1384 703 1448; x_wconf 89' lang='lat' dir='ltr'><strong>loliorum</strong></span> <span class='ocrx_word' id='word_1_66' title='bbox 725 1385 842 1468; x_wconf 78' lang='lat' dir='ltr'>cyclum</span> <span class='ocrx_word' id='word_1_67' title='bbox 869 1387 1033 1470; x_wconf 73' lang='lat' dir='ltr'><strong>simplicem</strong></span> <span class='ocrx_word' id='word_1_68' title='bbox 1061 1386 1110 1450; x_wconf 84' lang='lat' dir='ltr'><strong>uei</strong></span> <span class='ocrx_word' id='word_1_69' title='bbox 1131 1385 1340 1468; x_wconf 76' lang='lat' dir='ltr'><strong>multiplicem,</strong></span> <span class='ocrx_word' id='word_1_70' title='bbox 1371 1384 1422 1467; x_wconf 81' lang='lat' dir='ltr'><strong>qui</strong></span> <span class='ocrx_word' id='word_1_71' title='bbox 1444 1383 1536 1446; x_wconf 80' lang='lat' dir='ltr'><strong>maio</strong></span> 
     </span>
     <span class='ocr_line' id='line_1_11' title="bbox 340 1486 1534 1574; baseline -0.005 -20"><span class='ocrx_word' id='word_1_72' title='bbox 340 1489 430 1554; x_wconf 84' lang='lat' dir='ltr'><strong>modo</strong></span> <span class='ocrx_word' id='word_1_73' title='bbox 451 1507 565 1574; x_wconf 82' lang='lat' dir='ltr'><strong>orgauu</strong></span> <span class='ocrx_word' id='word_1_74' title='bbox 587 1490 719 1554; x_wconf 70' lang='lat' dir='ltr'><strong>mamula</strong></span> <span class='ocrx_word' id='word_1_75' title='bbox 741 1491 960 1573; x_wconf 81' lang='lat' dir='ltr'><strong>circumcingit</strong></span> <span class='ocrx_word' id='word_1_76' title='bbox 993 1492 1201 1555; x_wconf 81' lang='lat' dir='ltr'><strong>seminecum</strong></span> <span class='ocrx_word' id='word_1_77' title='bbox 1223 1498 1314 1572; x_wconf 79' lang='lat' dir='ltr'><strong>atque</strong></span> <span class='ocrx_word' id='word_1_78' title='bbox 1328 1486 1534 1553; x_wconf 75' lang='lat' dir='ltr'><strong>hiscxuudum</strong></span> 
     </span>
     <span class='ocr_line' id='line_1_12' title="bbox 340 1592 1538 1678; baseline -0.003 -20"><span class='ocrx_word' id='word_1_79' title='bbox 340 1593 445 1658; x_wconf 72' lang='lat' dir='ltr'><strong>ocum</strong></span> <span class='ocrx_word' id='word_1_80' title='bbox 468 1594 622 1657; x_wconf 76' lang='lat' dir='ltr'><strong>involucra</strong></span> <span class='ocrx_word' id='word_1_81' title='bbox 644 1594 752 1658; x_wconf 79' lang='lat' dir='ltr'><strong>sinilia</strong></span> <span class='ocrx_word' id='word_1_82' title='bbox 776 1602 848 1660; x_wconf 86' lang='lat' dir='ltr'><strong>sunt</strong></span> <span class='ocrx_word' id='word_1_83' title='bbox 868 1602 900 1658; x_wconf 88' lang='lat' dir='ltr'><strong>et</strong></span> <span class='ocrx_word' id='word_1_84' title='bbox 920 1601 1033 1658; x_wconf 87' lang='lat' dir='ltr'><strong>tantum</strong></span> <span class='ocrx_word' id='word_1_85' title='bbox 1063 1595 1266 1678; x_wconf 75' lang='lat' dir='ltr'><strong>magnitudine</strong></span> <span class='ocrx_word' id='word_1_86' title='bbox 1289 1593 1409 1656; x_wconf 76' lang='lat' dir='ltr'><strong>disemo</strong></span> <span class='ocrx_word' id='word_1_87' title='bbox 1431 1592 1538 1674; x_wconf 90' lang='lat' dir='ltr'><strong>primo</strong></span> 
     </span>
     <span class='ocr_line' id='line_1_13' title="bbox 340 1697 1538 1784; baseline -0.003 -22"><span class='ocrx_word' id='word_1_88' title='bbox 340 1700 447 1764; x_wconf 86' lang='lat' dir='ltr'><strong>iutuitu</strong></span> <span class='ocrx_word' id='word_1_89' title='bbox 473 1698 522 1761; x_wconf 86' lang='lat' dir='ltr'><strong>lde</strong></span> <span class='ocrx_word' id='word_1_90' title='bbox 543 1698 602 1762; x_wconf 90' lang='lat' dir='ltr'><strong>illic</strong></span> <span class='ocrx_word' id='word_1_91' title='bbox 630 1698 773 1783; x_wconf 76' lang='lat' dir='ltr'><strong>distingui</strong></span> <span class='ocrx_word' id='word_1_92' title='bbox 795 1707 938 1780; x_wconf 84' lang='lat' dir='ltr'><strong>possunt,</strong></span> <span class='ocrx_word' id='word_1_93' title='bbox 971 1699 1126 1784; x_wconf 80' lang='lat' dir='ltr'><strong>perigenis</strong></span> <span class='ocrx_word' id='word_1_94' title='bbox 1154 1706 1254 1762; x_wconf 85' lang='lat' dir='ltr'><strong>antem</strong></span> <span class='ocrx_word' id='word_1_95' title='bbox 1276 1698 1316 1761; x_wconf 80' lang='lat' dir='ltr'><strong>alr</strong></span> <span class='ocrx_word' id='word_1_96' title='bbox 1336 1697 1476 1778; x_wconf 78' lang='lat' dir='ltr'><strong>utrisque</strong></span> <span class='ocrx_word' id='word_1_97' title='bbox 1501 1702 1538 1758; x_wconf 91' lang='lat' dir='ltr'><strong>et</strong></span> 
     </span>
     <span class='ocr_line' id='line_1_14' title="bbox 341 1799 1539 1886; baseline -0.002 -20"><span class='ocrx_word' id='word_1_98' title='bbox 341 1801 544 1886; x_wconf 87' lang='lat' dir='ltr'><strong>magnitudine</strong></span> <span class='ocrx_word' id='word_1_99' title='bbox 566 1810 599 1865; x_wconf 89' lang='lat' dir='ltr'><strong>et</strong></span> <span class='ocrx_word' id='word_1_100' title='bbox 622 1803 716 1866; x_wconf 89' lang='lat' dir='ltr'><strong>torma</strong></span> <span class='ocrx_word' id='word_1_101' title='bbox 739 1809 773 1864; x_wconf 93' lang='lat' dir='ltr'><strong>ut</strong></span> <span class='ocrx_word' id='word_1_102' title='bbox 795 1811 826 1866; x_wconf 91' lang='lat' dir='ltr'><strong>ct</strong></span> <span class='ocrx_word' id='word_1_103' title='bbox 846 1803 985 1868; x_wconf 84' lang='lat' dir='ltr'><strong>loliorum</strong></span> <span class='ocrx_word' id='word_1_104' title='bbox 1007 1802 1282 1884; x_wconf 86' lang='lat' dir='ltr'><strong>circumscriptione</strong></span> <span class='ocrx_word' id='word_1_105' title='bbox 1297 1809 1330 1864; x_wconf 89' lang='lat' dir='ltr'><strong>ct</strong></span> <span class='ocrx_word' id='word_1_106' title='bbox 1350 1799 1452 1864; x_wconf 88' lang='lat' dir='ltr'><strong>indole</strong></span> <span class='ocrx_word' id='word_1_107' title='bbox 1467 1808 1539 1865; x_wconf 89' lang='lat' dir='ltr'><strong>toto</strong></span> 
     </span>
     <span class='ocr_line' id='line_1_15' title="bbox 341 1906 688 1972; baseline -0.009 0"><span class='ocrx_word' id='word_1_108' title='bbox 341 1907 428 1972; x_wconf 84' lang='lat' dir='ltr'><strong>coeto</strong></span> <span class='ocrx_word' id='word_1_109' title='bbox 450 1906 570 1971; x_wconf 82' lang='lat' dir='ltr'><strong>distant</strong></span> <span class='ocrx_word' id='word_1_110' title='bbox 683 1917 688 1925; x_wconf 86' lang='grc'><strong><em>·</em></strong></span> 
     </span>
    </p>

    <p class='ocr_par' dir='ltr' id='par_1_4' title="bbox 339 2007 1540 2508">
     <span class='ocr_line' id='line_1_16' title="bbox 426 2007 1537 2094; baseline -0.002 -20"><span class='ocrx_word' id='word_1_111' title='bbox 426 2010 557 2094; x_wconf 88' lang='lat' dir='ltr'><strong>Orgunis</strong></span> <span class='ocrx_word' id='word_1_112' title='bbox 580 2011 752 2074; x_wconf 76' lang='lat' dir='ltr'><strong>nexualibus</strong></span> <span class='ocrx_word' id='word_1_113' title='bbox 774 2011 949 2094; x_wconf 81' lang='lat' dir='ltr'><strong>plerumque</strong></span> <span class='ocrx_word' id='word_1_114' title='bbox 964 2009 1134 2073; x_wconf 83' lang='lat' dir='ltr'><strong>intermixta</strong></span> <span class='ocrx_word' id='word_1_115' title='bbox 1155 2009 1347 2092; x_wconf 86' lang='lat' dir='ltr'><strong>reperiuntur</strong></span> <span class='ocrx_word' id='word_1_116' title='bbox 1368 2007 1537 2090; x_wconf 79' lang='lat' dir='ltr'><strong>iumenta,</strong></span> 
     </span>
     <span class='ocr_line' id='line_1_17' title="bbox 341 2111 1538 2198; baseline 0 -22"><span class='ocrx_word' id='word_1_117' title='bbox 341 2116 435 2197; x_wconf 88' lang='lat' dir='ltr'><strong>septis</strong></span> <span class='ocrx_word' id='word_1_118' title='bbox 458 2116 641 2178; x_wconf 84' lang='lat' dir='ltr'><strong>transuersis</strong></span> <span class='ocrx_word' id='word_1_119' title='bbox 664 2115 847 2196; x_wconf 85' lang='lat' dir='ltr'><strong>intercepta,</strong></span> <span class='ocrx_word' id='word_1_120' title='bbox 873 2115 1068 2196; x_wconf 81' lang='lat' dir='ltr'><strong>porcpipscs</strong></span> <span class='ocrx_word' id='word_1_121' title='bbox 1090 2113 1127 2178; x_wconf 85' lang='lat' dir='ltr'><strong>ab</strong></span> <span class='ocrx_word' id='word_1_122' title='bbox 1149 2113 1305 2198; x_wconf 84' lang='lat' dir='ltr'><strong>lledwigio</strong></span> <span class='ocrx_word' id='word_1_123' title='bbox 1327 2111 1538 2194; x_wconf 85' lang='lat' dir='ltr'><strong>denominato,</strong></span> 
     </span>
     <span class='ocr_line' id='line_1_18' title="bbox 341 2215 1538 2301; baseline -0.003 -20"><span class='ocrx_word' id='word_1_124' title='bbox 341 2235 467 2300; x_wconf 75' lang='lat' dir='ltr'><strong>quanm</strong></span> <span class='ocrx_word' id='word_1_125' title='bbox 488 2219 574 2300; x_wconf 83' lang='lat' dir='ltr'><strong>copia</strong></span> <span class='ocrx_word' id='word_1_126' title='bbox 596 2235 650 2299; x_wconf 90' lang='lat' dir='ltr'><strong>pro</strong></span> <span class='ocrx_word' id='word_1_127' title='bbox 673 2219 843 2301; x_wconf 78' lang='lat' dir='ltr'><strong>specierum</strong></span> <span class='ocrx_word' id='word_1_128' title='bbox 865 2219 999 2298; x_wconf 88' lang='lat' dir='ltr'><strong>ratione,</strong></span> <span class='ocrx_word' id='word_1_129' title='bbox 1022 2225 1055 2280; x_wconf 89' lang='lat' dir='ltr'><strong>et</strong></span> <span class='ocrx_word' id='word_1_130' title='bbox 1076 2217 1171 2280; x_wconf 84' lang='lat' dir='ltr'><strong>lorma</strong></span> <span class='ocrx_word' id='word_1_131' title='bbox 1192 2233 1247 2298; x_wconf 93' lang='lat' dir='ltr'><strong>pro</strong></span> <span class='ocrx_word' id='word_1_132' title='bbox 1269 2215 1319 2280; x_wconf 89' lang='lat' dir='ltr'><strong>illu</strong></span> <span class='ocrx_word' id='word_1_133' title='bbox 1340 2233 1447 2296; x_wconf 83' lang='lat' dir='ltr'><strong>sexus,</strong></span> <span class='ocrx_word' id='word_1_134' title='bbox 1472 2216 1538 2279; x_wconf 83' lang='lat' dir='ltr'><strong>dii-</strong></span> 
     </span>
     <span class='ocr_line' id='line_1_19' title="bbox 341 2317 1540 2406; baseline 0.001 -22"><span class='ocrx_word' id='word_1_135' title='bbox 341 2322 487 2386; x_wconf 85' lang='lat' dir='ltr'><strong>iercnties</strong></span> <span class='ocrx_word' id='word_1_136' title='bbox 509 2323 540 2386; x_wconf 89' lang='lat' dir='ltr'><strong>in</strong></span> <span class='ocrx_word' id='word_1_137' title='bbox 563 2323 724 2404; x_wconf 73' lang='lat' dir='ltr'><strong>speciebus</strong></span> <span class='ocrx_word' id='word_1_138' title='bbox 754 2322 888 2405; x_wconf 81' lang='lat' dir='ltr'><strong>ipsisque</strong></span> <span class='ocrx_word' id='word_1_139' title='bbox 917 2321 1082 2406; x_wconf 86' lang='lat' dir='ltr'><strong>generibus</strong></span> <span class='ocrx_word' id='word_1_140' title='bbox 1112 2319 1306 2384; x_wconf 81' lang='lat' dir='ltr'><strong>instituendis</strong></span> <span class='ocrx_word' id='word_1_141' title='bbox 1333 2317 1413 2386; x_wconf 81' lang='lat' dir='ltr'><strong>laud</strong></span> <span class='ocrx_word' id='word_1_142' title='bbox 1441 2337 1540 2402; x_wconf 79' lang='lat' dir='ltr'><strong>sper·</strong></span> 
     </span>
     <span class='ocr_line' id='line_1_20' title="bbox 339 2425 678 2508; baseline 0 -20"><span class='ocrx_word' id='word_1_143' title='bbox 339 2425 455 2490; x_wconf 86' lang='lat' dir='ltr'><strong>ueudas</strong></span> <span class='ocrx_word' id='word_1_144' title='bbox 478 2425 678 2508; x_wconf 85' lang='lat' dir='ltr'><strong>suppeditent.</strong></span> 
     </span>
    </p>

    <p class='ocr_par' dir='ltr' id='par_1_5' title="bbox 339 2526 1543 3236">
     <span class='ocr_line' id='line_1_21' title="bbox 427 2526 1543 2611; baseline 0 -19"><span class='ocrx_word' id='word_1_145' title='bbox 427 2527 590 2592; x_wconf 84' lang='lat' dir='ltr'><strong>Filemcntu</strong></span> <span class='ocrx_word' id='word_1_146' title='bbox 614 2526 688 2593; x_wconf 80' lang='lat' dir='ltr'><strong>uase</strong></span> <span class='ocrx_word' id='word_1_147' title='bbox 716 2528 754 2591; x_wconf 87' lang='lat' dir='ltr'><strong>ab</strong></span> <span class='ocrx_word' id='word_1_148' title='bbox 785 2527 850 2591; x_wconf 87' lang='lat' dir='ltr'><strong>aliis</strong></span> <span class='ocrx_word' id='word_1_149' title='bbox 882 2527 1028 2592; x_wconf 79' lang='lat' dir='ltr'><strong>botnnids</strong></span> <span class='ocrx_word' id='word_1_150' title='bbox 1050 2545 1105 2610; x_wconf 92' lang='lat' dir='ltr'><strong>prc</strong></span> <span class='ocrx_word' id='word_1_151' title='bbox 1125 2527 1286 2607; x_wconf 77' lang='lat' dir='ltr'><strong>decuriis,</strong></span> <span class='ocrx_word' id='word_1_152' title='bbox 1319 2529 1356 2593; x_wconf 81' lang='lat' dir='ltr'><strong>ult</strong></span> <span class='ocrx_word' id='word_1_153' title='bbox 1386 2527 1453 2592; x_wconf 83' lang='lat' dir='ltr'><strong>aliis</strong></span> <span class='ocrx_word' id='word_1_154' title='bbox 1477 2547 1543 2611; x_wconf 91' lang='lat' dir='ltr'><strong>pro</strong></span> 
     </span>
     <span class='ocr_line' id='line_1_22' title="bbox 341 2630 1541 2715; baseline 0.003 -21"><span class='ocrx_word' id='word_1_155' title='bbox 341 2630 480 2696; x_wconf 71' lang='lat' dir='ltr'><strong>lolium·</strong></span> <span class='ocrx_word' id='word_1_156' title='bbox 503 2631 705 2696; x_wconf 75' lang='lat' dir='ltr'><strong>ubomircrum</strong></span> <span class='ocrx_word' id='word_1_157' title='bbox 728 2631 905 2696; x_wconf 79' lang='lat' dir='ltr'><strong>rudimentis</strong></span> <span class='ocrx_word' id='word_1_158' title='bbox 928 2631 977 2696; x_wconf 81' lang='lat' dir='ltr'><strong>vel</strong></span> <span class='ocrx_word' id='word_1_159' title='bbox 998 2649 1054 2715; x_wconf 94' lang='lat' dir='ltr'><strong>pro</strong></span> <span class='ocrx_word' id='word_1_160' title='bbox 1083 2631 1283 2696; x_wconf 83' lang='lat' dir='ltr'><strong>radiculcmrm</strong></span> <span class='ocrx_word' id='word_1_161' title='bbox 1304 2633 1396 2696; x_wconf 85' lang='lat' dir='ltr'><strong>initiis</strong></span> <span class='ocrx_word' id='word_1_162' title='bbox 1418 2631 1541 2698; x_wconf 83' lang='lat' dir='ltr'><strong>haben-</strong></span> 
     </span>
     <span class='ocr_line' id='line_1_23' title="bbox 341 2735 1543 2821; baseline 0.003 -23"><span class='ocrx_word' id='word_1_163' title='bbox 341 2743 399 2798; x_wconf 90' lang='lat' dir='ltr'><strong>tur.</strong></span> <span class='ocrx_word' id='word_1_164' title='bbox 439 2735 499 2800; x_wconf 87' lang='lat' dir='ltr'><strong>Sed</strong></span> <span class='ocrx_word' id='word_1_165' title='bbox 521 2735 600 2800; x_wconf 82' lang='lat' dir='ltr'><strong>lund</strong></span> <span class='ocrx_word' id='word_1_166' title='bbox 621 2743 702 2818; x_wconf 84' lang='lat' dir='ltr'><strong>patet</strong></span> <span class='ocrx_word' id='word_1_167' title='bbox 724 2754 783 2819; x_wconf 81' lang='lat' dir='ltr'><strong>quo</strong></span> <span class='ocrx_word' id='word_1_168' title='bbox 802 2738 884 2821; x_wconf 89' lang='lat' dir='ltr'><strong>jure,</strong></span> <span class='ocrx_word' id='word_1_169' title='bbox 908 2753 999 2819; x_wconf 83' lang='lat' dir='ltr'><strong>quum</strong></span> <span class='ocrx_word' id='word_1_170' title='bbox 1016 2755 1074 2800; x_wconf 92' lang='lat' dir='ltr'><strong>ucc</strong></span> <span class='ocrx_word' id='word_1_171' title='bbox 1095 2735 1225 2800; x_wconf 87' lang='lat' dir='ltr'><strong>indulcor</strong></span> <span class='ocrx_word' id='word_1_172' title='bbox 1248 2744 1280 2800; x_wconf 89' lang='lat' dir='ltr'><strong>et</strong></span> <span class='ocrx_word' id='word_1_173' title='bbox 1300 2744 1437 2801; x_wconf 86' lang='lat' dir='ltr'><strong>naturam</strong></span> <span class='ocrx_word' id='word_1_174' title='bbox 1458 2755 1543 2802; x_wconf 85' lang='lat' dir='ltr'><strong>ucc-</strong></span> 
     </span>
     <span class='ocr_line' id='line_1_24' title="bbox 341 2839 1540 2924; baseline 0.003 -21"><span class='ocrx_word' id='word_1_175' title='bbox 341 2841 501 2922; x_wconf 80' lang='lat' dir='ltr'><strong>turiorum,</strong></span> <span class='ocrx_word' id='word_1_176' title='bbox 525 2857 583 2904; x_wconf 89' lang='lat' dir='ltr'><strong>uec</strong></span> <span class='ocrx_word' id='word_1_177' title='bbox 606 2840 822 2923; x_wconf 83' lang='lat' dir='ltr'><strong>dissepimenlu</strong></span> <span class='ocrx_word' id='word_1_178' title='bbox 844 2841 964 2922; x_wconf 81' lang='lat' dir='ltr'><strong>obliqua</strong></span> <span class='ocrx_word' id='word_1_179' title='bbox 985 2839 1202 2920; x_wconf 75' lang='lat' dir='ltr'><strong>mduutcrun,</strong></span> <span class='ocrx_word' id='word_1_180' title='bbox 1234 2858 1293 2904; x_wconf 89' lang='lat' dir='ltr'><strong>uec</strong></span> <span class='ocrx_word' id='word_1_181' title='bbox 1314 2841 1446 2924; x_wconf 79' lang='lat' dir='ltr'><strong>deniqne</strong></span> <span class='ocrx_word' id='word_1_182' title='bbox 1469 2841 1540 2906; x_wconf 86' lang='lat' dir='ltr'><strong>dis·</strong></span> 
     </span>
     <span class='ocr_line' id='line_1_25' title="bbox 341 2943 1541 3026; baseline 0.002 -18"><span class='ocrx_word' id='word_1_183' title='bbox 341 2945 518 3026; x_wconf 63' lang='lat' dir='ltr'><strong>milonem</strong></span> <span class='ocrx_word' id='word_1_184' title='bbox 543 2943 682 3008; x_wconf 88' lang='lat' dir='ltr'><strong>loliorum</strong></span> <span class='ocrx_word' id='word_1_185' title='bbox 697 2943 867 3026; x_wconf 78' lang='lat' dir='ltr'><strong>cogniturum</strong></span> <span class='ocrx_word' id='word_1_186' title='bbox 883 2943 1059 3024; x_wconf 82' lang='lat' dir='ltr'><strong>exlibcaut3</strong></span> <span class='ocrx_word' id='word_1_187' title='bbox 1080 2944 1277 3026; x_wconf 73' lang='lat' dir='ltr'><strong>puroptpsrr</strong></span> <span class='ocrx_word' id='word_1_188' title='bbox 1297 2952 1378 3026; x_wconf 87' lang='lat' dir='ltr'><strong>runt,</strong></span> <span class='ocrx_word' id='word_1_189' title='bbox 1401 2952 1434 3009; x_wconf 88' lang='lat' dir='ltr'><strong>ut</strong></span> <span class='ocrx_word' id='word_1_190' title='bbox 1448 2945 1541 3010; x_wconf 83' lang='lat' dir='ltr'><strong>lied-</strong></span> 
     </span>
     <span class='ocr_line' id='line_1_26' title="bbox 339 3047 1541 3133; baseline 0.003 -23"><span class='ocrx_word' id='word_1_191' title='bbox 339 3047 449 3128; x_wconf 73' lang='lat' dir='ltr'><strong>wigius</strong></span> <span class='ocrx_word' id='word_1_192' title='bbox 470 3067 508 3112; x_wconf 83' lang='lat' dir='ltr'><strong>ea</strong></span> <span class='ocrx_word' id='word_1_193' title='bbox 518 3047 686 3131; x_wconf 88' lang='lat' dir='ltr'><strong>justissime</strong></span> <span class='ocrx_word' id='word_1_194' title='bbox 701 3055 798 3129; x_wconf 85' lang='lat' dir='ltr'><strong>uocat,</strong></span> <span class='ocrx_word' id='word_1_195' title='bbox 821 3050 839 3114; x_wconf 91' lang='lat' dir='ltr'><strong>i.</strong></span> <span class='ocrx_word' id='word_1_196' title='bbox 857 3067 885 3111; x_wconf 92' lang='lat' dir='ltr'><strong>e.</strong></span> <span class='ocrx_word' id='word_1_197' title='bbox 900 3047 1045 3131; x_wconf 86' lang='lat' dir='ltr'><strong>producta</strong></span> <span class='ocrx_word' id='word_1_198' title='bbox 1061 3050 1233 3113; x_wconf 81' lang='lat' dir='ltr'><strong>accessoria</strong></span> <span class='ocrx_word' id='word_1_199' title='bbox 1255 3066 1332 3133; x_wconf 83' lang='lat' dir='ltr'><strong>quus</strong></span> <span class='ocrx_word' id='word_1_200' title='bbox 1354 3051 1386 3114; x_wconf 89' lang='lat' dir='ltr'><strong>iu</strong></span> <span class='ocrx_word' id='word_1_201' title='bbox 1408 3049 1541 3133; x_wconf 81' lang='lat' dir='ltr'><strong>plantis,</strong></span> 
     </span>
     <span class='ocr_line' id='line_1_27' title="bbox 340 3151 1165 3236; baseline 0.004 -23"><span class='ocrx_word' id='word_1_202' title='bbox 340 3169 416 3234; x_wconf 78' lang='lat' dir='ltr'><strong>ques</strong></span> <span class='ocrx_word' id='word_1_203' title='bbox 437 3152 637 3234; x_wconf 84' lang='lat' dir='ltr'><strong>periccuorer</strong></span> <span class='ocrx_word' id='word_1_204' title='bbox 660 3151 772 3232; x_wconf 88' lang='lat' dir='ltr'><strong>dicunt,</strong></span> <span class='ocrx_word' id='word_1_205' title='bbox 794 3152 875 3218; x_wconf 84' lang='lat' dir='ltr'><strong>nula</strong></span> <span class='ocrx_word' id='word_1_206' title='bbox 897 3152 1023 3236; x_wconf 83' lang='lat' dir='ltr'><strong>uuulogu</strong></span> <span class='ocrx_word' id='word_1_207' title='bbox 1044 3153 1165 3217; x_wconf 80' lang='lat' dir='ltr'><strong>hubent</strong></span> 
     </span>
    </p>

    <p class='ocr_par' dir='ltr' id='par_1_6' title="bbox 338 3245 1545 4484">
     <span class='ocr_line' id='line_1_28' title="bbox 424 3245 1542 3342; baseline 0.004 -23"><span class='ocrx_word' id='word_1_208' title='bbox 424 3255 470 3319; x_wconf 82' lang='lat' dir='ltr'><strong>lle</strong></span> <span class='ocrx_word' id='word_1_209' title='bbox 490 3245 716 3339; x_wconf 76' lang='lat' dir='ltr'><strong>porcpiprism</strong></span> <span class='ocrx_word' id='word_1_210' title='bbox 735 3257 767 3319; x_wconf 90' lang='lat' dir='ltr'><strong>iu</strong></span> <span class='ocrx_word' id='word_1_211' title='bbox 789 3273 960 3322; x_wconf 82' lang='lat' dir='ltr'><strong>muscarum</strong></span> <span class='ocrx_word' id='word_1_212' title='bbox 990 3257 1166 3320; x_wconf 77' lang='lat' dir='ltr'><strong>ocwnoruiu</strong></span> <span class='ocrx_word' id='word_1_213' title='bbox 1196 3273 1254 3320; x_wconf 91' lang='lat' dir='ltr'><strong>usn</strong></span> <span class='ocrx_word' id='word_1_214' title='bbox 1281 3267 1373 3342; x_wconf 78' lang='lat' dir='ltr'><strong>atquo</strong></span> <span class='ocrx_word' id='word_1_215' title='bbox 1402 3257 1542 3324; x_wconf 83' lang='lat' dir='ltr'><strong>utilitate</strong></span> 
     </span>
     <span class='ocr_line' id='line_1_29' title="bbox 340 3355 1543 3445; baseline 0.007 -25"><span class='ocrx_word' id='word_1_216' title='bbox 340 3355 491 3422; x_wconf 82' lang='lat' dir='ltr'><strong>Bridclins</strong></span> <span class='ocrx_word' id='word_1_217' title='bbox 512 3367 636 3424; x_wconf 73' lang='lat' dir='ltr'><strong>anneto</strong></span> <span class='ocrx_word' id='word_1_218' title='bbox 658 3361 794 3424; x_wconf 89' lang='lat' dir='ltr'><strong>acumine</strong></span> <span class='ocrx_word' id='word_1_219' title='bbox 812 3359 943 3444; x_wconf 80' lang='lat' dir='ltr'><strong>judicet:</strong></span> <span class='ocrx_word' id='word_1_220' title='bbox 969 3361 1062 3424; x_wconf 76' lang='lat' dir='ltr'><strong>»cum</strong></span> <span class='ocrx_word' id='word_1_221' title='bbox 1084 3377 1159 3424; x_wconf 82' lang='lat' dir='ltr'><strong>uero</strong></span> <span class='ocrx_word' id='word_1_222' title='bbox 1181 3362 1280 3425; x_wconf 85' lang='lat' dir='ltr'><strong>omnia</strong></span> <span class='ocrx_word' id='word_1_223' title='bbox 1302 3361 1543 3445; x_wconf 87' lang='lat' dir='ltr'><strong>disscpincutis</strong></span> 
     </span>
     <span class='ocr_line' id='line_1_30' title="bbox 340 3463 1544 3548; baseline 0.008 -24"><span class='ocrx_word' id='word_1_224' title='bbox 340 3463 612 3546; x_wconf 64' lang='lat' dir='ltr'><strong>naturalibus,</strong></span> <span class='ocrx_word' id='word_1_225' title='bbox 643 3481 721 3547; x_wconf 81' lang='lat' dir='ltr'><strong>quse</strong></span> <span class='ocrx_word' id='word_1_226' title='bbox 751 3465 847 3528; x_wconf 86' lang='lat' dir='ltr'><strong>burim</strong></span> <span class='ocrx_word' id='word_1_227' title='bbox 869 3481 979 3528; x_wconf 84' lang='lat' dir='ltr'><strong>uersus</strong></span> <span class='ocrx_word' id='word_1_228' title='bbox 1011 3465 1108 3548; x_wconf 86' lang='lat' dir='ltr'><strong>spetio</strong></span> <span class='ocrx_word' id='word_1_229' title='bbox 1129 3463 1237 3530; x_wconf 88' lang='lat' dir='ltr'><strong>minori</strong></span> <span class='ocrx_word' id='word_1_230' title='bbox 1259 3467 1338 3530; x_wconf 82' lang='lat' dir='ltr'><strong>iuter</strong></span> <span class='ocrx_word' id='word_1_231' title='bbox 1360 3483 1395 3530; x_wconf 86' lang='lat' dir='ltr'><strong>sc</strong></span> <span class='ocrx_word' id='word_1_232' title='bbox 1417 3464 1544 3534; x_wconf 83' lang='lat' dir='ltr'><strong>dictam</strong></span> 
     </span>
     <span class='ocr_line' id='line_1_31' title="bbox 340 3565 1545 3651; baseline 0.009 -25"><span class='ocrx_word' id='word_1_233' title='bbox 340 3565 565 3649; x_wconf 83' lang='lat' dir='ltr'><strong>intercipiantur</strong></span> <span class='ocrx_word' id='word_1_234' title='bbox 593 3577 625 3630; x_wconf 90' lang='lat' dir='ltr'><strong>ct</strong></span> <span class='ocrx_word' id='word_1_235' title='bbox 648 3568 765 3651; x_wconf 84' lang='lat' dir='ltr'><strong>liquore</strong></span> <span class='ocrx_word' id='word_1_236' title='bbox 797 3569 926 3650; x_wconf 80' lang='lat' dir='ltr'><strong>quodum</strong></span> <span class='ocrx_word' id='word_1_237' title='bbox 956 3567 1163 3650; x_wconf 86' lang='lat' dir='ltr'><strong>limpidissimo</strong></span> <span class='ocrx_word' id='word_1_238' title='bbox 1184 3569 1272 3651; x_wconf 86' lang='lat' dir='ltr'><strong>plenu</strong></span> <span class='ocrx_word' id='word_1_239' title='bbox 1299 3568 1477 3650; x_wconf 82' lang='lat' dir='ltr'><strong>rideantur,</strong></span> <span class='ocrx_word' id='word_1_240' title='bbox 1502 3581 1545 3637; x_wconf 89' lang='lat' dir='ltr'><strong>et</strong></span> 
     </span>
     <span class='ocr_line' id='line_1_32' title="bbox 340 3669 1542 3754; baseline 0.007 -22"><span class='ocrx_word' id='word_1_241' title='bbox 340 3669 428 3733; x_wconf 76' lang='lat' dir='ltr'><strong>unul</strong></span> <span class='ocrx_word' id='word_1_242' title='bbox 450 3678 540 3754; x_wconf 80' lang='lat' dir='ltr'><strong>rtpnc</strong></span> <span class='ocrx_word' id='word_1_243' title='bbox 561 3671 706 3736; x_wconf 82' lang='lat' dir='ltr'><strong>untlerre</strong></span> <span class='ocrx_word' id='word_1_244' title='bbox 727 3671 827 3736; x_wconf 78' lang='lat' dir='ltr'><strong>oficio</strong></span> <span class='ocrx_word' id='word_1_245' title='bbox 851 3671 984 3736; x_wconf 85' lang='lat' dir='ltr'><strong>musculo</strong></span> <span class='ocrx_word' id='word_1_246' title='bbox 1006 3671 1165 3736; x_wconf 87' lang='lat' dir='ltr'><strong>deiunctae</strong></span> <span class='ocrx_word' id='word_1_247' title='bbox 1188 3673 1300 3736; x_wconf 86' lang='lat' dir='ltr'><strong>luerint</strong></span> <span class='ocrx_word' id='word_1_248' title='bbox 1321 3685 1542 3740; x_wconf 77' lang='lat' dir='ltr'><strong>cnuccrcent</strong></span> 
     </span>
     <span class='ocr_line' id='line_1_33' title="bbox 341 3774 1539 3859; baseline 0.007 -24"><span class='ocrx_word' id='word_1_249' title='bbox 341 3779 373 3836; x_wconf 84' lang='lat' dir='ltr'><strong>st</strong></span> <span class='ocrx_word' id='word_1_250' title='bbox 393 3783 633 3858; x_wconf 86' lang='lat' dir='ltr'><strong>corrumpantur,</strong></span> <span class='ocrx_word' id='word_1_251' title='bbox 656 3774 728 3838; x_wconf 84' lang='lat' dir='ltr'><strong>nihil</strong></span> <span class='ocrx_word' id='word_1_252' title='bbox 750 3776 850 3840; x_wconf 81' lang='lat' dir='ltr'><strong>obstat</strong></span> <span class='ocrx_word' id='word_1_253' title='bbox 871 3793 932 3858; x_wconf 82' lang='lat' dir='ltr'><strong>qno</strong></span> <span class='ocrx_word' id='word_1_254' title='bbox 954 3777 1053 3840; x_wconf 87' lang='lat' dir='ltr'><strong>minus</strong></span> <span class='ocrx_word' id='word_1_255' title='bbox 1075 3775 1124 3839; x_wconf 85' lang='lat' dir='ltr'><strong>ills</strong></span> <span class='ocrx_word' id='word_1_256' title='bbox 1146 3777 1323 3858; x_wconf 85' lang='lat' dir='ltr'><strong>corpuscula</strong></span> <span class='ocrx_word' id='word_1_257' title='bbox 1345 3793 1400 3859; x_wconf 89' lang='lat' dir='ltr'><strong>pro</strong></span> <span class='ocrx_word' id='word_1_258' title='bbox 1422 3785 1539 3844; x_wconf 76' lang='lat' dir='ltr'><strong>uecta-</strong></span> 
     </span>
     <span class='ocr_line' id='line_1_34' title="bbox 341 3875 1541 3962; baseline 0.003 -23"><span class='ocrx_word' id='word_1_259' title='bbox 341 3875 405 3940; x_wconf 86' lang='lat' dir='ltr'><strong>riis·</strong></span> <span class='ocrx_word' id='word_1_260' title='bbox 417 3879 531 3960; x_wconf 82' lang='lat' dir='ltr'><strong>speciei</strong></span> <span class='ocrx_word' id='word_1_261' title='bbox 553 3878 714 3962; x_wconf 85' lang='lat' dir='ltr'><strong>peculiaris</strong></span> <span class='ocrx_word' id='word_1_262' title='bbox 737 3879 914 3960; x_wconf 75' lang='lat' dir='ltr'><strong>laimuun,</strong></span> <span class='ocrx_word' id='word_1_263' title='bbox 938 3880 1003 3942; x_wconf 80' lang='lat' dir='ltr'><strong>sire</strong></span> <span class='ocrx_word' id='word_1_264' title='bbox 1025 3877 1162 3942; x_wconf 76' lang='lat' dir='ltr'><strong>ntncntts</strong></span> <span class='ocrx_word' id='word_1_265' title='bbox 1184 3896 1202 3941; x_wconf 86' lang='lat' dir='ltr'><strong>u</strong></span> <span class='ocrx_word' id='word_1_266' title='bbox 1223 3879 1400 3961; x_wconf 81' lang='lat' dir='ltr'><strong>providente</strong></span> <span class='ocrx_word' id='word_1_267' title='bbox 1422 3886 1541 3950; x_wconf 68' lang='lat' dir='ltr'><strong>utura</strong></span> 
     </span>
     <span class='ocr_line' id='line_1_35' title="bbox 339 3977 1540 4068; baseline 0.008 -26"><span class='ocrx_word' id='word_1_268' title='bbox 339 3977 378 4042; x_wconf 85' lang='lat' dir='ltr'><strong>ud</strong></span> <span class='ocrx_word' id='word_1_269' title='bbox 399 3997 467 4044; x_wconf 90' lang='lat' dir='ltr'><strong>eum</strong></span> <span class='ocrx_word' id='word_1_270' title='bbox 490 3981 579 4046; x_wconf 64' lang='lat' dir='ltr'><strong>mem</strong></span> <span class='ocrx_word' id='word_1_271' title='bbox 608 3982 779 4064; x_wconf 88' lang='lat' dir='ltr'><strong>dispositis,</strong></span> <span class='ocrx_word' id='word_1_272' title='bbox 813 3991 846 4046; x_wconf 91' lang='lat' dir='ltr'><strong>ut</strong></span> <span class='ocrx_word' id='word_1_273' title='bbox 867 3983 985 4065; x_wconf 73' lang='lat' dir='ltr'><strong>lquere</strong></span> <span class='ocrx_word' id='word_1_274' title='bbox 1012 4000 1073 4065; x_wconf 79' lang='lat' dir='ltr'><strong>qno</strong></span> <span class='ocrx_word' id='word_1_275' title='bbox 1102 3989 1224 4068; x_wconf 84' lang='lat' dir='ltr'><strong>turgent</strong></span> <span class='ocrx_word' id='word_1_276' title='bbox 1250 3984 1390 4066; x_wconf 81' lang='lat' dir='ltr'><strong>genitalia</strong></span> <span class='ocrx_word' id='word_1_277' title='bbox 1417 3983 1540 4065; x_wconf 58' lang='lat' dir='ltr'><strong>mus</strong></span> 
     </span>
     <span class='ocr_line' id='line_1_36' title="bbox 340 4083 1539 4169; baseline 0.007 -21"><span class='ocrx_word' id='word_1_278' title='bbox 340 4083 438 4150; x_wconf 85' lang='lat' dir='ltr'><strong>denso</strong></span> <span class='ocrx_word' id='word_1_279' title='bbox 459 4087 578 4169; x_wconf 86' lang='lat' dir='ltr'><strong>agmina</strong></span> <span class='ocrx_word' id='word_1_280' title='bbox 600 4087 794 4152; x_wconf 82' lang='lat' dir='ltr'><strong>circumstent</strong></span> <span class='ocrx_word' id='word_1_281' title='bbox 817 4093 964 4168; x_wconf 83' lang='lat' dir='ltr'><strong>perpetuo</strong></span> <span class='ocrx_word' id='word_1_282' title='bbox 985 4084 1149 4150; x_wconf 85' lang='lat' dir='ltr'><strong>madsiuctu</strong></span> <span class='ocrx_word' id='word_1_283' title='bbox 1172 4087 1292 4152; x_wconf 71' lang='lat' dir='ltr'><strong>anons</strong></span> <span class='ocrx_word' id='word_1_284' title='bbox 1315 4087 1450 4152; x_wconf 74' lang='lat' dir='ltr'><strong>siccitate</strong></span> <span class='ocrx_word' id='word_1_285' title='bbox 1474 4089 1539 4156; x_wconf 85' lang='lat' dir='ltr'><strong>de·</strong></span> 
     </span>
     <span class='ocr_line' id='line_1_37' title="bbox 340 4187 1538 4274; baseline 0.004 -22"><span class='ocrx_word' id='word_1_286' title='bbox 340 4187 516 4270; x_wconf 87' lang='lat' dir='ltr'><strong>icndautur,</strong></span> <span class='ocrx_word' id='word_1_287' title='bbox 539 4189 648 4274; x_wconf 80' lang='lat' dir='ltr'><strong>illaque</strong></span> <span class='ocrx_word' id='word_1_288' title='bbox 669 4189 851 4254; x_wconf 80' lang='lat' dir='ltr'><strong>humiditatis</strong></span> <span class='ocrx_word' id='word_1_289' title='bbox 873 4187 968 4274; x_wconf 86' lang='lat' dir='ltr'><strong>gradu</strong></span> <span class='ocrx_word' id='word_1_290' title='bbox 991 4206 1112 4272; x_wconf 87' lang='lat' dir='ltr'><strong>semper</strong></span> <span class='ocrx_word' id='word_1_291' title='bbox 1134 4187 1272 4254; x_wconf 68' lang='lat' dir='ltr'><strong>nnuntur</strong></span> <span class='ocrx_word' id='word_1_292' title='bbox 1292 4189 1359 4254; x_wconf 84' lang='lat' dir='ltr'><strong>siue</strong></span> <span class='ocrx_word' id='word_1_293' title='bbox 1381 4207 1443 4273; x_wconf 83' lang='lat' dir='ltr'><strong>pou</strong></span> <span class='ocrx_word' id='word_1_294' title='bbox 1464 4193 1538 4274; x_wconf 85' lang='lat' dir='ltr'><strong>pol-</strong></span> 
     </span>
     <span class='ocr_line' id='line_1_38' title="bbox 338 4291 1539 4378; baseline 0.004 -22"><span class='ocrx_word' id='word_1_295' title='bbox 338 4291 408 4356; x_wconf 74' lang='lat' dir='ltr'><strong>tut·</strong></span> <span class='ocrx_word' id='word_1_296' title='bbox 423 4293 560 4376; x_wconf 80' lang='lat' dir='ltr'><strong>explosis</strong></span> <span class='ocrx_word' id='word_1_297' title='bbox 575 4295 744 4360; x_wconf 80' lang='lat' dir='ltr'><strong>nuiluteuus</strong></span> <span class='ocrx_word' id='word_1_298' title='bbox 767 4293 935 4360; x_wconf 79' lang='lat' dir='ltr'><strong>succedere</strong></span> <span class='ocrx_word' id='word_1_299' title='bbox 956 4301 1065 4378; x_wconf 78' lang='lat' dir='ltr'><strong>potest</strong></span> <span class='ocrx_word' id='word_1_300' title='bbox 1101 4293 1235 4358; x_wconf 64' lang='lat' dir='ltr'><strong>&amp;udum</strong></span> <span class='ocrx_word' id='word_1_301' title='bbox 1249 4295 1290 4358; x_wconf 82' lang='lat' dir='ltr'><strong>ott</strong></span> <span class='ocrx_word' id='word_1_302' title='bbox 1303 4311 1425 4358; x_wconf 76' lang='lat' dir='ltr'><strong>musam</strong></span> <span class='ocrx_word' id='word_1_303' title='bbox 1441 4293 1539 4362; x_wconf 82' lang='lat' dir='ltr'><strong>lemi-</strong></span> 
     </span>
     <span class='ocr_line' id='line_1_39' title="bbox 339 4397 1538 4484; baseline 0.004 -22"><span class='ocrx_word' id='word_1_304' title='bbox 339 4413 396 4462; x_wconf 81' lang='lat' dir='ltr'><strong>usu</strong></span> <span class='ocrx_word' id='word_1_305' title='bbox 426 4399 569 4484; x_wconf 80' lang='lat' dir='ltr'><strong>gonitslia</strong></span> <span class='ocrx_word' id='word_1_306' title='bbox 600 4400 710 4466; x_wconf 79' lang='lat' dir='ltr'><strong>uitur</strong></span> <span class='ocrx_word' id='word_1_307' title='bbox 740 4398 899 4464; x_wconf 76' lang='lat' dir='ltr'><strong>umacus</strong></span> <span class='ocrx_word' id='word_1_308' title='bbox 929 4399 1067 4464; x_wconf 82' lang='lat' dir='ltr'><strong>succorlr</strong></span> <span class='ocrx_word' id='word_1_309' title='bbox 1088 4397 1196 4482; x_wconf 81' lang='lat' dir='ltr'><strong>stipula</strong></span> <span class='ocrx_word' id='word_1_310' title='bbox 1216 4397 1427 4478; x_wconf 78' lang='lat' dir='ltr'><strong>inueniuntur,</strong></span> <span class='ocrx_word' id='word_1_311' title='bbox 1460 4401 1538 4467; x_wconf 80' lang='lat' dir='ltr'><strong>sine</strong></span> 
     </span>
    </p>
   </div>
   <div class='ocr_carea' id='block_1_3' title="bbox 339 4499 1537 4588">
    <p class='ocr_par' dir='ltr' id='par_1_7' title="bbox 339 4499 1537 4588">
     <span class='ocr_line' id='line_1_40' title="bbox 339 4499 1537 4588; baseline -0.001 -17"><span class='ocrx_word' id='word_1_312' title='bbox 339 4517 465 4586; x_wconf 68' lang='lat' dir='ltr'><strong>qurum</strong></span> <span class='ocrx_word' id='word_1_313' title='bbox 492 4505 603 4570; x_wconf 76' lang='lat' dir='ltr'><strong>cordio</strong></span> <span class='ocrx_word' id='word_1_314' title='bbox 633 4507 802 4572; x_wconf 73' lang='lat' dir='ltr'><strong>dessiccutu</strong></span> <span class='ocrx_word' id='word_1_315' title='bbox 830 4511 921 4588; x_wconf 81' lang='lat' dir='ltr'><strong>utgus</strong></span> <span class='ocrx_word' id='word_1_316' title='bbox 951 4510 1113 4588; x_wconf 70' lang='lat' dir='ltr'><strong>corrugata</strong></span> <span class='ocrx_word' id='word_1_317' title='bbox 1143 4519 1201 4566; x_wconf 79' lang='lat' dir='ltr'><strong>uec</strong></span> <span class='ocrx_word' id='word_1_318' title='bbox 1229 4501 1370 4586; x_wconf 64' lang='lat' dir='ltr'><strong>mffiuem</strong></span> <span class='ocrx_word' id='word_1_319' title='bbox 1400 4499 1537 4570; x_wconf 77' lang='lat' dir='ltr'><strong>toscon-</strong></span> 
     </span>
    </p>
   </div>
   <div class='ocr_carea' id='block_1_4' title="bbox 0 0 1626 5352">
    <p class='ocr_par' dir='ltr' id='par_1_8' title="bbox 0 0 1626 5352">
     <span class='ocr_line' id='line_1_41' title="bbox 0 0 1626 5352; baseline 0 0"><span class='ocrx_word' id='word_1_320' title='bbox 0 0 1626 5352; x_wconf 95' lang='lat' dir='ltr'><strong> </strong></span> 
     </span>
    </p>
   </div>
  </div>
 </body>
</html>
