<?xml version="1.0" encoding="UTF-8"?>
<!DOCTYPE html PUBLIC "-//W3C//DTD XHTML 1.0 Transitional//EN"
    "http://www.w3.org/TR/xhtml1/DTD/xhtml1-transitional.dtd">
<html xmlns="http://www.w3.org/1999/xhtml" xml:lang="en" lang="en">
 <head>
  <title>
</title>
<meta http-equiv="Content-Type" content="text/html;charset=utf-8" />
  <meta name='ocr-system' content='tesseract 3.04.00' />
  <meta name='ocr-capabilities' content='ocr_page ocr_carea ocr_par ocr_line ocrx_word'/>
</head>
<body>
  <div class='ocr_page' id='page_1' title='image "./synopsismuscoru01schigoog_0308.png"; bbox 0 0 3104 5364; ppageno 0'>
   <div class='ocr_carea' id='block_1_1' title="bbox 500 401 654 454">
    <p class='ocr_par' dir='ltr' id='par_1_1' title="bbox 500 401 654 454">
     <span class='ocr_line' id='line_1_1' title="bbox 500 401 654 454; baseline -0.006 -2"><span class='ocrx_word' id='word_1_1' title='bbox 500 401 654 454; x_wconf 80' lang='lat' dir='ltr'><strong>l’ottiaeeaa.</strong></span> 
     </span>
    </p>
   </div>
   <div class='ocr_carea' id='block_1_2' title="bbox 365 573 787 657">
    <p class='ocr_par' dir='ltr' id='par_1_2' title="bbox 365 573 787 657">
     <span class='ocr_line' id='line_1_2' title="bbox 365 573 787 657; baseline -0.007 -15"><span class='ocrx_word' id='word_1_2' title='bbox 365 577 392 642; x_wconf 78' lang='lat' dir='ltr'><strong>t</strong></span> <span class='ocrx_word' id='word_1_3' title='bbox 435 576 623 657; x_wconf 74' lang='lat' dir='ltr'><strong>lraayata</strong></span> <span class='ocrx_word' id='word_1_4' title='bbox 647 573 787 640; x_wconf 88' lang='lat' dir='ltr'><strong>tatttotta.</strong></span> 
     </span>
    </p>
   </div>
   <div class='ocr_carea' id='block_1_3' title="bbox 401 715 752 769">
    <p class='ocr_par' dir='ltr' id='par_1_3' title="bbox 401 715 752 769">
     <span class='ocr_line' id='line_1_3' title="bbox 401 715 752 769; baseline 0 -3"><span class='ocrx_word' id='word_1_5' title='bbox 401 715 496 769; x_wconf 82' lang='lat' dir='ltr'><strong>Weiaia</strong></span> <span class='ocrx_word' id='word_1_6' title='bbox 513 715 620 769; x_wconf 71' lang='lat' dir='ltr'><strong>latifolia</strong></span> <span class='ocrx_word' id='word_1_7' title='bbox 640 715 752 768; x_wconf 74' lang='lat' dir='ltr'><strong>Scawoa</strong></span> 
     </span>
    </p>
   </div>
   <div class='ocr_carea' id='block_1_4' title="bbox 16 835 1228 1862">
    <p class='ocr_par' dir='ltr' id='par_1_4' title="bbox 16 835 1228 1862">
     <span class='ocr_line' id='line_1_4' title="bbox 82 835 1173 918; baseline 0.001 -23"><span class='ocrx_word' id='word_1_8' title='bbox 82 835 216 898; x_wconf 86' lang='lat' dir='ltr'><strong>llantulae</strong></span> <span class='ocrx_word' id='word_1_9' title='bbox 240 837 444 918; x_wconf 85' lang='lat' dir='ltr'><strong>perhumiles,</strong></span> <span class='ocrx_word' id='word_1_10' title='bbox 476 837 690 918; x_wconf 86' lang='lat' dir='ltr'><strong>bulbiforntes,</strong></span> <span class='ocrx_word' id='word_1_11' title='bbox 714 837 982 900; x_wconf 85' lang='lat' dir='ltr'><strong>viridi-albicantes</strong></span> <span class='ocrx_word' id='word_1_12' title='bbox 1013 835 1173 918; x_wconf 76' lang='lat' dir='ltr'><strong>gregoriae</strong></span> 
     </span>
     <span class='ocr_line' id='line_1_5' title="bbox 23 937 1174 1023; baseline 0.006 -30"><span class='ocrx_word' id='word_1_13' title='bbox 23 937 52 997; x_wconf 81' lang='lat' dir='ltr'><strong>el</strong></span> <span class='ocrx_word' id='word_1_14' title='bbox 69 939 282 1020; x_wconf 86' lang='lat' dir='ltr'><strong>caespitulosae.</strong></span> <span class='ocrx_word' id='word_1_15' title='bbox 315 942 396 1006; x_wconf 85' lang='lat' dir='ltr'><strong>Folia</strong></span> <span class='ocrx_word' id='word_1_16' title='bbox 420 942 759 1007; x_wconf 85' lang='lat' dir='ltr'><strong>conniventi-imbricata</strong></span> <span class='ocrx_word' id='word_1_17' title='bbox 784 951 814 1004; x_wconf 91' lang='lat' dir='ltr'><strong>et</strong></span> <span class='ocrx_word' id='word_1_18' title='bbox 830 944 914 1023; x_wconf 86' lang='lat' dir='ltr'><strong>quasi</strong></span> <span class='ocrx_word' id='word_1_19' title='bbox 938 939 1063 1004; x_wconf 90' lang='lat' dir='ltr'><strong>bullulas</strong></span> <span class='ocrx_word' id='word_1_20' title='bbox 1084 939 1174 1001; x_wconf 89' lang='lat' dir='ltr'><strong>ellor-</strong></span> 
     </span>
     <span class='ocr_line' id='line_1_6' title="bbox 23 1045 1228 1131; baseline 0.005 -31"><span class='ocrx_word' id='word_1_21' title='bbox 23 1045 106 1117; x_wconf 81' lang='lat' dir='ltr'><strong>aantia,</strong></span> <span class='ocrx_word' id='word_1_22' title='bbox 127 1045 268 1108; x_wconf 86' lang='lat' dir='ltr'><strong>interiora</strong></span> <span class='ocrx_word' id='word_1_23' title='bbox 281 1047 454 1129; x_wconf 85' lang='lat' dir='ltr'><strong>rotundato,</strong></span> <span class='ocrx_word' id='word_1_24' title='bbox 477 1050 636 1131; x_wconf 82' lang='lat' dir='ltr'><strong>superiora</strong></span> <span class='ocrx_word' id='word_1_25' title='bbox 652 1047 952 1112; x_wconf 85' lang='lat' dir='ltr'><strong>eborata-circularia</strong></span> <span class='ocrx_word' id='word_1_26' title='bbox 976 1053 1008 1108; x_wconf 90' lang='lat' dir='ltr'><strong>et</strong></span> <span class='ocrx_word' id='word_1_27' title='bbox 1032 1045 1097 1107; x_wconf 90' lang='lat' dir='ltr'><strong>iere</strong></span> <span class='ocrx_word' id='word_1_28' title='bbox 1120 1045 1174 1107; x_wconf 90' lang='lat' dir='ltr'><strong>ob·</strong></span> <span class='ocrx_word' id='word_1_29' title='bbox 1224 1075 1228 1090; x_wconf 91' lang='lat'>·</span> 
     </span>
     <span class='ocr_line' id='line_1_7' title="bbox 22 1147 1175 1236; baseline 0.003 -30"><span class='ocrx_word' id='word_1_30' title='bbox 22 1147 115 1226; x_wconf 84' lang='lat' dir='ltr'><strong>ardete,</strong></span> <span class='ocrx_word' id='word_1_31' title='bbox 138 1169 154 1211; x_wconf 91' lang='lat' dir='ltr'><strong>e</strong></span> <span class='ocrx_word' id='word_1_32' title='bbox 176 1151 424 1235; x_wconf 80' lang='lat' dir='ltr'><strong>subernarginato</strong></span> <span class='ocrx_word' id='word_1_33' title='bbox 439 1155 523 1235; x_wconf 85' lang='lat' dir='ltr'><strong>apice</strong></span> <span class='ocrx_word' id='word_1_34' title='bbox 540 1153 640 1216; x_wconf 91' lang='lat' dir='ltr'><strong>subito</strong></span> <span class='ocrx_word' id='word_1_35' title='bbox 663 1153 821 1236; x_wconf 84' lang='lat' dir='ltr'><strong>apiculata,</strong></span> <span class='ocrx_word' id='word_1_36' title='bbox 846 1159 930 1216; x_wconf 87' lang='lat' dir='ltr'><strong>costa</strong></span> <span class='ocrx_word' id='word_1_37' title='bbox 952 1151 1029 1214; x_wconf 88' lang='lat' dir='ltr'><strong>inira</strong></span> <span class='ocrx_word' id='word_1_38' title='bbox 1053 1150 1175 1212; x_wconf 79' lang='lat' dir='ltr'><strong>sunami-</strong></span> 
     </span>
     <span class='ocr_line' id='line_1_8' title="bbox 23 1251 1200 1340; baseline 0.005 -32"><span class='ocrx_word' id='word_1_39' title='bbox 23 1257 80 1312; x_wconf 79' lang='lat' dir='ltr'><strong>taten</strong></span> <span class='ocrx_word' id='word_1_40' title='bbox 100 1253 274 1336; x_wconf 79' lang='lat' dir='ltr'><strong>desinente,</strong></span> <span class='ocrx_word' id='word_1_41' title='bbox 309 1257 409 1322; x_wconf 86' lang='lat' dir='ltr'><strong>omnia</strong></span> <span class='ocrx_word' id='word_1_42' title='bbox 441 1258 526 1321; x_wconf 90' lang='lat' dir='ltr'><strong>valde</strong></span> <span class='ocrx_word' id='word_1_43' title='bbox 550 1275 697 1340; x_wconf 83' lang='lat' dir='ltr'><strong>concavo,</strong></span> <span class='ocrx_word' id='word_1_44' title='bbox 732 1255 951 1338; x_wconf 87' lang='lat' dir='ltr'><strong>subdiaphona,</strong></span> <span class='ocrx_word' id='word_1_45' title='bbox 982 1257 1040 1318; x_wconf 88' lang='lat' dir='ltr'><strong>reti</strong></span> <span class='ocrx_word' id='word_1_46' title='bbox 1064 1251 1200 1340; x_wconf 70' lang='lat' dir='ltr'><strong>dimidii¹</strong></span> 
     </span>
     <span class='ocr_line' id='line_1_9' title="bbox 17 1357 1176 1445; baseline 0.004 -30"><span class='ocrx_word' id='word_1_47' title='bbox 17 1357 146 1434; x_wconf 78' lang='lat' dir='ltr'><strong>superioris</strong></span> <span class='ocrx_word' id='word_1_48' title='bbox 173 1359 322 1423; x_wconf 86' lang='lat' dir='ltr'><strong>rhombeo</strong></span> <span class='ocrx_word' id='word_1_49' title='bbox 350 1381 440 1445; x_wconf 90' lang='lat' dir='ltr'><strong>parce</strong></span> <span class='ocrx_word' id='word_1_50' title='bbox 471 1361 729 1444; x_wconf 78' lang='lat' dir='ltr'><strong>chloroplrplloso,</strong></span> <span class='ocrx_word' id='word_1_51' title='bbox 761 1361 913 1422; x_wconf 88' lang='lat' dir='ltr'><strong>interioris</strong></span> <span class='ocrx_word' id='word_1_52' title='bbox 942 1359 1058 1423; x_wconf 80' lang='lat' dir='ltr'><strong>laxiore</strong></span> <span class='ocrx_word' id='word_1_53' title='bbox 1085 1358 1176 1420; x_wconf 89' lang='lat' dir='ltr'><strong>hexa-</strong></span> 
     </span>
     <span class='ocr_line' id='line_1_10' title="bbox 17 1463 1175 1550; baseline -0.003 -22"><span class='ocrx_word' id='word_1_54' title='bbox 17 1465 264 1546; x_wconf 77' lang='lat' dir='ltr'><strong>ttno-rectangulo.</strong></span> <span class='ocrx_word' id='word_1_55' title='bbox 307 1465 436 1547; x_wconf 80' lang='lat' dir='ltr'><strong>capsula</strong></span> <span class='ocrx_word' id='word_1_56' title='bbox 460 1467 555 1529; x_wconf 91' lang='lat' dir='ltr'><strong>ovalis</strong></span> <span class='ocrx_word' id='word_1_57' title='bbox 579 1467 625 1530; x_wconf 85' lang='lat' dir='ltr'><strong>vel</strong></span> <span class='ocrx_word' id='word_1_58' title='bbox 649 1465 924 1550; x_wconf 86' lang='lat' dir='ltr'><strong>oblongo-elliptira</strong></span> <span class='ocrx_word' id='word_1_59' title='bbox 947 1463 994 1526; x_wconf 90' lang='lat' dir='ltr'><strong>hic</strong></span> <span class='ocrx_word' id='word_1_60' title='bbox 1017 1465 1078 1527; x_wconf 93' lang='lat' dir='ltr'><strong>illic</strong></span> <span class='ocrx_word' id='word_1_61' title='bbox 1102 1463 1175 1526; x_wconf 86' lang='lat' dir='ltr'><strong>oltli-</strong></span> 
     </span>
     <span class='ocr_line' id='line_1_11' title="bbox 16 1567 1176 1652; baseline 0.003 -27"><span class='ocrx_word' id='word_1_62' title='bbox 16 1581 66 1644; x_wconf 84' lang='lat' dir='ltr'><strong>quo,</strong></span> <span class='ocrx_word' id='word_1_63' title='bbox 86 1571 250 1630; x_wconf 84' lang='lat' dir='ltr'><strong>maturitate</strong></span> <span class='ocrx_word' id='word_1_64' title='bbox 282 1570 414 1651; x_wconf 87' lang='lat' dir='ltr'><strong>perlecta</strong></span> <span class='ocrx_word' id='word_1_65' title='bbox 439 1577 572 1634; x_wconf 85' lang='lat' dir='ltr'><strong>saturata</strong></span> <span class='ocrx_word' id='word_1_66' title='bbox 595 1576 759 1650; x_wconf 86' lang='lat' dir='ltr'><strong>castanea,</strong></span> <span class='ocrx_word' id='word_1_67' title='bbox 790 1570 949 1636; x_wconf 90' lang='lat' dir='ltr'><strong>subnitida.</strong></span> <span class='ocrx_word' id='word_1_68' title='bbox 995 1567 1176 1652; x_wconf 90' lang='lat' dir='ltr'><strong>Operculurn</strong></span> 
     </span>
     <span class='ocr_line' id='line_1_12' title="bbox 18 1669 1177 1759; baseline 0.003 -30"><span class='ocrx_word' id='word_1_69' title='bbox 18 1669 236 1754; x_wconf 82' lang='lat' dir='ltr'><strong>obliquirostrurn.</strong></span> <span class='ocrx_word' id='word_1_70' title='bbox 269 1675 409 1738; x_wconf 86' lang='lat' dir='ltr'><strong>Annulus</strong></span> <span class='ocrx_word' id='word_1_71' title='bbox 433 1683 582 1759; x_wconf 84' lang='lat' dir='ltr'><strong>angustus</strong></span> <span class='ocrx_word' id='word_1_72' title='bbox 607 1697 624 1739; x_wconf 90' lang='lat' dir='ltr'><strong>e</strong></span> <span class='ocrx_word' id='word_1_73' title='bbox 648 1675 764 1739; x_wconf 89' lang='lat' dir='ltr'><strong>cellulis</strong></span> <span class='ocrx_word' id='word_1_74' title='bbox 787 1675 975 1739; x_wconf 88' lang='lat' dir='ltr'><strong>vesiculosis.</strong></span> <span class='ocrx_word' id='word_1_75' title='bbox 1008 1672 1177 1736; x_wconf 86' lang='lat' dir='ltr'><strong>Peristonrii</strong></span> 
     </span>
     <span class='ocr_line' id='line_1_13' title="bbox 17 1770 1176 1862; baseline 0.005 -29"><span class='ocrx_word' id='word_1_76' title='bbox 17 1770 90 1837; x_wconf 80' lang='lat' dir='ltr'><strong>lentes</strong></span> <span class='ocrx_word' id='word_1_77' title='bbox 110 1778 281 1860; x_wconf 88' lang='lat' dir='ltr'><strong>lanceolati,</strong></span> <span class='ocrx_word' id='word_1_78' title='bbox 306 1781 505 1862; x_wconf 73' lang='lat' dir='ltr'><strong>inaequaliter</strong></span> <span class='ocrx_word' id='word_1_79' title='bbox 528 1782 676 1860; x_wconf 89' lang='lat' dir='ltr'><strong>biorures,</strong></span> <span class='ocrx_word' id='word_1_80' title='bbox 701 1782 870 1844; x_wconf 84' lang='lat' dir='ltr'><strong>membrana</strong></span> <span class='ocrx_word' id='word_1_81' title='bbox 888 1779 1008 1844; x_wconf 86' lang='lat' dir='ltr'><strong>basilari</strong></span> <span class='ocrx_word' id='word_1_82' title='bbox 1023 1779 1176 1862; x_wconf 80' lang='lat' dir='ltr'><strong>angustis-</strong></span> 
     </span>
    </p>
   </div>
   <div class='ocr_carea' id='block_1_5' title="bbox 15 1879 1175 2068">
    <p class='ocr_par' dir='ltr' id='par_1_5' title="bbox 15 1879 1175 2068">
     <span class='ocr_line' id='line_1_14' title="bbox 16 1879 1175 1967; baseline 0 -25"><span class='ocrx_word' id='word_1_83' title='bbox 16 1879 64 1942; x_wconf 78' lang='lat' dir='ltr'><strong>tina</strong></span> <span class='ocrx_word' id='word_1_84' title='bbox 82 1884 241 1966; x_wconf 88' lang='lat' dir='ltr'><strong>conjuncti,</strong></span> <span class='ocrx_word' id='word_1_85' title='bbox 267 1885 377 1966; x_wconf 90' lang='lat' dir='ltr'><strong>pallide</strong></span> <span class='ocrx_word' id='word_1_86' title='bbox 400 1886 517 1948; x_wconf 90' lang='lat' dir='ltr'><strong>rubelli.</strong></span> <span class='ocrx_word' id='word_1_87' title='bbox 549 1887 664 1966; x_wconf 89' lang='lat' dir='ltr'><strong>Sporae</strong></span> <span class='ocrx_word' id='word_1_88' title='bbox 686 1887 842 1966; x_wconf 67' lang='lat' dir='ltr'><strong>mantuae,</strong></span> <span class='ocrx_word' id='word_1_89' title='bbox 868 1885 954 1948; x_wconf 86' lang='lat' dir='ltr'><strong>valde</strong></span> <span class='ocrx_word' id='word_1_90' title='bbox 971 1885 1175 1967; x_wconf 82' lang='lat' dir='ltr'><strong>oleaginosae.</strong></span> 
     </span>
     <span class='ocr_line' id='line_1_15' title="bbox 15 1977 369 2068; baseline 0.014 -22"><span class='ocrx_word' id='word_1_91' title='bbox 15 1977 82 2062; x_wconf 82' lang='lat' dir='ltr'><strong>lrpt</strong></span> <span class='ocrx_word' id='word_1_92' title='bbox 97 2005 157 2048; x_wconf 90' lang='lat' dir='ltr'><strong>eur.</strong></span> <span class='ocrx_word' id='word_1_93' title='bbox 180 1987 216 2068; x_wconf 92' lang='lat' dir='ltr'><strong>ll,</strong></span> <span class='ocrx_word' id='word_1_94' title='bbox 243 1987 276 2051; x_wconf 83' lang='lat' dir='ltr'><strong>T.</strong></span> <span class='ocrx_word' id='word_1_95' title='bbox 297 1986 369 2052; x_wconf 85' lang='grc'>128.</span> 
     </span>
    </p>
   </div>
   <div class='ocr_carea' id='block_1_6' title="bbox 12 2101 1178 3136">
    <p class='ocr_par' dir='ltr' id='par_1_6' title="bbox 21 2101 1178 2403">
     <span class='ocr_line' id='line_1_16' title="bbox 21 2101 1178 2192; baseline 0.002 -24"><span class='ocrx_word' id='word_1_96' title='bbox 21 2101 97 2170; x_wconf 71' lang='lat' dir='ltr'><strong>llario</strong></span> <span class='ocrx_word' id='word_1_97' title='bbox 119 2111 257 2192; x_wconf 68' lang='lat' dir='ltr'><strong>latifolia</strong></span> <span class='ocrx_word' id='word_1_98' title='bbox 273 2111 360 2173; x_wconf 91' lang='lat' dir='ltr'><strong>caule</strong></span> <span class='ocrx_word' id='word_1_99' title='bbox 377 2112 460 2173; x_wconf 87' lang='lat' dir='ltr'><strong>brevi</strong></span> <span class='ocrx_word' id='word_1_100' title='bbox 478 2111 615 2192; x_wconf 80' lang='lat' dir='ltr'><strong>simplici,</strong></span> <span class='ocrx_word' id='word_1_101' title='bbox 639 2110 717 2174; x_wconf 91' lang='lat' dir='ltr'><strong>loliis</strong></span> <span class='ocrx_word' id='word_1_102' title='bbox 735 2113 929 2175; x_wconf 84' lang='lat' dir='ltr'><strong>obtusissimo</strong></span> <span class='ocrx_word' id='word_1_103' title='bbox 947 2113 1042 2174; x_wconf 90' lang='lat' dir='ltr'><strong>ovatis</strong></span> <span class='ocrx_word' id='word_1_104' title='bbox 1060 2127 1178 2171; x_wconf 84' lang='lat' dir='ltr'><strong>nrucro-</strong></span> 
     </span>
     <span class='ocr_line' id='line_1_17' title="bbox 109 2214 1178 2296; baseline 0 -20"><span class='ocrx_word' id='word_1_105' title='bbox 109 2217 184 2276; x_wconf 88' lang='lat' dir='ltr'><strong>natis</strong></span> <span class='ocrx_word' id='word_1_106' title='bbox 206 2216 461 2296; x_wconf 82' lang='lat' dir='ltr'><strong>conniventibus,</strong></span> <span class='ocrx_word' id='word_1_107' title='bbox 486 2215 572 2278; x_wconf 91' lang='lat' dir='ltr'><strong>theca</strong></span> <span class='ocrx_word' id='word_1_108' title='bbox 596 2215 765 2279; x_wconf 89' lang='lat' dir='ltr'><strong>subcernua</strong></span> <span class='ocrx_word' id='word_1_109' title='bbox 790 2216 937 2295; x_wconf 81' lang='lat' dir='ltr'><strong>oblonga,</strong></span> <span class='ocrx_word' id='word_1_110' title='bbox 964 2214 1107 2296; x_wconf 91' lang='lat' dir='ltr'><strong>operculo</strong></span> <span class='ocrx_word' id='word_1_111' title='bbox 1130 2230 1178 2276; x_wconf 92' lang='lat' dir='ltr'><strong>ro·</strong></span> 
     </span>
     <span class='ocr_line' id='line_1_18' title="bbox 108 2315 958 2403; baseline 0 -23"><span class='ocrx_word' id='word_1_112' title='bbox 108 2327 211 2384; x_wconf 86' lang='lat' dir='ltr'><strong>strato.</strong></span> <span class='ocrx_word' id='word_1_113' title='bbox 262 2321 429 2386; x_wconf 79' lang='lat' dir='ltr'><strong>Scawarea.</strong></span> <span class='ocrx_word' id='word_1_114' title='bbox 455 2321 553 2403; x_wconf 90' lang='lat' dir='ltr'><strong>Suppl.</strong></span> <span class='ocrx_word' id='word_1_115' title='bbox 578 2320 600 2402; x_wconf 93' lang='lat' dir='ltr'><strong>l,</strong></span> <span class='ocrx_word' id='word_1_116' title='bbox 625 2322 654 2383; x_wconf 92' lang='lat' dir='ltr'><strong>P.</strong></span> <span class='ocrx_word' id='word_1_117' title='bbox 679 2321 711 2401; x_wconf 92' lang='lat' dir='ltr'><strong>l,</strong></span> <span class='ocrx_word' id='word_1_118' title='bbox 736 2341 763 2403; x_wconf 92' lang='lat' dir='ltr'><strong>p.</strong></span> <span class='ocrx_word' id='word_1_119' title='bbox 788 2318 839 2402; x_wconf 83' lang='grc'><strong>64,</strong></span> <span class='ocrx_word' id='word_1_120' title='bbox 864 2329 883 2385; x_wconf 90' lang='lat' dir='ltr'><strong>t.</strong></span> <span class='ocrx_word' id='word_1_121' title='bbox 911 2315 958 2381; x_wconf 86' lang='lat'><strong>18.</strong></span> 
     </span>
    </p>

    <p class='ocr_par' dir='ltr' id='par_1_7' title="bbox 41 2419 849 2506">
     <span class='ocr_line' id='line_1_19' title="bbox 41 2419 849 2506; baseline 0.005 -26"><span class='ocrx_word' id='word_1_122' title='bbox 41 2419 102 2482; x_wconf 85' lang='lat' dir='ltr'><strong>Bato.</strong></span> <span class='ocrx_word' id='word_1_123' title='bbox 123 2423 224 2506; x_wconf 75' lang='lat' dir='ltr'><strong>Bryol.</strong></span> <span class='ocrx_word' id='word_1_124' title='bbox 252 2427 335 2487; x_wconf 87' lang='lat' dir='ltr'><strong>univ.</strong></span> <span class='ocrx_word' id='word_1_125' title='bbox 383 2425 474 2489; x_wconf 81' lang='lat' dir='ltr'><strong>lloou.</strong></span> <span class='ocrx_word' id='word_1_126' title='bbox 499 2433 530 2488; x_wconf 89' lang='lat' dir='ltr'><strong>et</strong></span> <span class='ocrx_word' id='word_1_127' title='bbox 552 2424 636 2488; x_wconf 72' lang='lat' dir='ltr'><strong>&#39;laun</strong></span> <span class='ocrx_word' id='word_1_128' title='bbox 662 2425 753 2488; x_wconf 88' lang='lat' dir='ltr'><strong>llusc.</strong></span> <span class='ocrx_word' id='word_1_129' title='bbox 777 2423 849 2488; x_wconf 86' lang='lat' dir='ltr'><strong>Brit.</strong></span> 
     </span>
    </p>

    <p class='ocr_par' dir='ltr' id='par_1_8' title="bbox 13 2521 889 2621">
     <span class='ocr_line' id='line_1_20' title="bbox 13 2521 889 2621; baseline 0.014 -38"><span class='ocrx_word' id='word_1_130' title='bbox 13 2521 126 2590; x_wconf 74' lang='lat' dir='ltr'><strong>tannia</strong></span> <span class='ocrx_word' id='word_1_131' title='bbox 147 2530 291 2611; x_wconf 74' lang='lat' dir='ltr'><strong>latifolia</strong></span> <span class='ocrx_word' id='word_1_132' title='bbox 315 2531 397 2592; x_wconf 86' lang='lat' dir='ltr'><strong>Wua.</strong></span> <span class='ocrx_word' id='word_1_133' title='bbox 421 2537 452 2592; x_wconf 85' lang='lat' dir='ltr'><strong>et</strong></span> <span class='ocrx_word' id='word_1_134' title='bbox 476 2530 567 2594; x_wconf 86' lang='lat' dir='ltr'><strong>liora.</strong></span> <span class='ocrx_word' id='word_1_135' title='bbox 885 2612 889 2621; x_wconf 30' lang='grc' dir='ltr'>Ι</span> 
     </span>
    </p>

    <p class='ocr_par' dir='ltr' id='par_1_9' title="bbox 13 2625 1175 2822">
     <span class='ocr_line' id='line_1_21' title="bbox 13 2625 1175 2718; baseline 0 -25"><span class='ocrx_word' id='word_1_136' title='bbox 13 2625 173 2714; x_wconf 63' lang='lat' dir='ltr'><strong>incaepto</strong></span> <span class='ocrx_word' id='word_1_137' title='bbox 196 2635 337 2717; x_wconf 70' lang='lat' dir='ltr'><strong>latifolia</strong></span> <span class='ocrx_word' id='word_1_138' title='bbox 359 2633 436 2698; x_wconf 77' lang='lat' dir='ltr'><strong>ures</strong></span> <span class='ocrx_word' id='word_1_139' title='bbox 460 2643 491 2699; x_wconf 91' lang='lat' dir='ltr'><strong>et</strong></span> <span class='ocrx_word' id='word_1_140' title='bbox 513 2635 654 2700; x_wconf 87' lang='lat' dir='ltr'><strong>lloansca.</strong></span> <span class='ocrx_word' id='word_1_141' title='bbox 680 2635 776 2716; x_wconf 76' lang='lat' dir='ltr'><strong>Bryol.</strong></span> <span class='ocrx_word' id='word_1_142' title='bbox 802 2653 898 2718; x_wconf 77' lang='lat' dir='ltr'><strong>gerni.</strong></span> <span class='ocrx_word' id='word_1_143' title='bbox 944 2633 994 2696; x_wconf 79' lang='lat' dir='ltr'><strong>Bu</strong></span> <span class='ocrx_word' id='word_1_144' title='bbox 1019 2643 1050 2696; x_wconf 91' lang='lat' dir='ltr'><strong>et</strong></span> <span class='ocrx_word' id='word_1_145' title='bbox 1075 2633 1175 2698; x_wconf 82' lang='lat' dir='ltr'><strong>Scaea.</strong></span> 
     </span>
     <span class='ocr_line' id='line_1_22' title="bbox 107 2737 383 2822; baseline 0.007 -22"><span class='ocrx_word' id='word_1_146' title='bbox 107 2737 206 2822; x_wconf 73' lang='lat' dir='ltr'><strong>Bryol.</strong></span> <span class='ocrx_word' id='word_1_147' title='bbox 233 2757 301 2803; x_wconf 87' lang='lat' dir='ltr'><strong>eur.</strong></span> <span class='ocrx_word' id='word_1_148' title='bbox 325 2741 342 2805; x_wconf 90' lang='lat' dir='ltr'><strong>l.</strong></span> <span class='ocrx_word' id='word_1_149' title='bbox 366 2761 383 2802; x_wconf 91' lang='lat' dir='ltr'><strong>c</strong></span> 
     </span>
    </p>

    <p class='ocr_par' dir='ltr' id='par_1_10' title="bbox 12 2828 667 2928">
     <span class='ocr_line' id='line_1_23' title="bbox 12 2828 667 2928; baseline 0.017 -35"><span class='ocrx_word' id='word_1_150' title='bbox 12 2828 85 2902; x_wconf 81' lang='lat' dir='ltr'><strong>lottia</strong></span> <span class='ocrx_word' id='word_1_151' title='bbox 104 2843 240 2925; x_wconf 72' lang='lat' dir='ltr'><strong>latifolia</strong></span> <span class='ocrx_word' id='word_1_152' title='bbox 265 2845 299 2906; x_wconf 87' lang='lat' dir='ltr'><strong>G.</strong></span> <span class='ocrx_word' id='word_1_153' title='bbox 324 2845 439 2908; x_wconf 76' lang='lat' dir='ltr'><strong>Mistea</strong></span> <span class='ocrx_word' id='word_1_154' title='bbox 463 2846 590 2928; x_wconf 74' lang='lat' dir='ltr'><strong>Synops.</strong></span> <span class='ocrx_word' id='word_1_155' title='bbox 663 2898 667 2904; x_wconf 86' lang='lat'><strong>.</strong></span> 
     </span>
    </p>

    <p class='ocr_par' dir='ltr' id='par_1_11' title="bbox 12 2933 913 3033">
     <span class='ocr_line' id='line_1_24' title="bbox 12 2933 913 3033; baseline -0.011 -14"><span class='ocrx_word' id='word_1_156' title='bbox 12 2933 58 3004; x_wconf 81' lang='lat' dir='ltr'><strong>ln,</strong></span> <span class='ocrx_word' id='word_1_157' title='bbox 75 2951 100 3018; x_wconf 76' lang='lat' dir='ltr'><strong>i·</strong></span> <span class='ocrx_word' id='word_1_158' title='bbox 118 2949 263 3031; x_wconf 73' lang='lat' dir='ltr'><strong>pilisera,</strong></span> <span class='ocrx_word' id='word_1_159' title='bbox 289 2948 429 3013; x_wconf 83' lang='lat' dir='ltr'><strong>loliorum</strong></span> <span class='ocrx_word' id='word_1_160' title='bbox 452 2949 567 3033; x_wconf 86' lang='lat' dir='ltr'><strong>apicula</strong></span> <span class='ocrx_word' id='word_1_161' title='bbox 591 2951 622 3011; x_wconf 93' lang='lat' dir='ltr'><strong>in</strong></span> <span class='ocrx_word' id='word_1_162' title='bbox 645 2948 735 3030; x_wconf 88' lang='lat' dir='ltr'><strong>pilurn</strong></span> <span class='ocrx_word' id='word_1_163' title='bbox 758 2947 913 3029; x_wconf 91' lang='lat' dir='ltr'><strong>producto.</strong></span> 
     </span>
    </p>

    <p class='ocr_par' dir='ltr' id='par_1_12' title="bbox 16 3041 837 3136">
     <span class='ocr_line' id='line_1_25' title="bbox 16 3041 837 3136; baseline 0.015 -34"><span class='ocrx_word' id='word_1_164' title='bbox 16 3041 179 3116; x_wconf 69' lang='lat' dir='ltr'><strong>termam</strong></span> <span class='ocrx_word' id='word_1_165' title='bbox 199 3055 315 3136; x_wconf 72' lang='lat' dir='ltr'><strong>pitiser</strong></span> <span class='ocrx_word' id='word_1_166' title='bbox 336 3054 417 3118; x_wconf 88' lang='lat' dir='ltr'><strong>Baro.</strong></span> <span class='ocrx_word' id='word_1_167' title='bbox 441 3054 539 3136; x_wconf 76' lang='lat' dir='ltr'><strong>Bryol.</strong></span> <span class='ocrx_word' id='word_1_168' title='bbox 563 3055 642 3116; x_wconf 84' lang='lat' dir='ltr'><strong>univ.</strong></span> <span class='ocrx_word' id='word_1_169' title='bbox 667 3052 689 3133; x_wconf 94' lang='lat' dir='ltr'><strong>l,</strong></span> <span class='ocrx_word' id='word_1_170' title='bbox 713 3072 741 3134; x_wconf 87' lang='lat' dir='ltr'><strong>p.</strong></span> <span class='ocrx_word' id='word_1_171' title='bbox 765 3049 837 3114; x_wconf 79' lang='lat'><strong>810.</strong></span> 
     </span>
    </p>
   </div>
   <div class='ocr_carea' id='block_1_7' title="bbox 19 3173 1275 3556">
    <p class='ocr_par' dir='ltr' id='par_1_13' title="bbox 19 3173 1275 3466">
     <span class='ocr_line' id='line_1_26' title="bbox 75 3173 1177 3256; baseline 0.001 -21"><span class='ocrx_word' id='word_1_172' title='bbox 75 3173 167 3238; x_wconf 83' lang='lat' dir='ltr'><strong>tiabit.</strong></span> <span class='ocrx_word' id='word_1_173' title='bbox 201 3175 241 3240; x_wconf 90' lang='lat' dir='ltr'><strong>ad</strong></span> <span class='ocrx_word' id='word_1_174' title='bbox 272 3185 386 3238; x_wconf 87' lang='lat' dir='ltr'><strong>terram</strong></span> <span class='ocrx_word' id='word_1_175' title='bbox 418 3175 573 3239; x_wconf 80' lang='lat' dir='ltr'><strong>dumosam</strong></span> <span class='ocrx_word' id='word_1_176' title='bbox 606 3174 785 3238; x_wconf 88' lang='lat' dir='ltr'><strong>denudatam</strong></span> <span class='ocrx_word' id='word_1_177' title='bbox 831 3175 861 3234; x_wconf 93' lang='lat' dir='ltr'><strong>in</strong></span> <span class='ocrx_word' id='word_1_178' title='bbox 896 3176 1020 3236; x_wconf 85' lang='lat' dir='ltr'><strong>summis</strong></span> <span class='ocrx_word' id='word_1_179' title='bbox 1061 3173 1177 3256; x_wconf 80' lang='lat' dir='ltr'><strong>Alpium</strong></span> 
     </span>
     <span class='ocr_line' id='line_1_27' title="bbox 19 3270 1275 3361; baseline 0.002 -23"><span class='ocrx_word' id='word_1_180' title='bbox 19 3277 194 3361; x_wconf 67' lang='lat' dir='ltr'><strong>munibus,</strong></span> <span class='ocrx_word' id='word_1_181' title='bbox 225 3299 287 3344; x_wconf 88' lang='lat' dir='ltr'><strong>nec</strong></span> <span class='ocrx_word' id='word_1_182' title='bbox 311 3297 371 3344; x_wconf 92' lang='lat' dir='ltr'><strong>non</strong></span> <span class='ocrx_word' id='word_1_183' title='bbox 401 3281 431 3342; x_wconf 92' lang='lat' dir='ltr'><strong>in</strong></span> <span class='ocrx_word' id='word_1_184' title='bbox 455 3297 571 3344; x_wconf 86' lang='lat' dir='ltr'><strong>summo</strong></span> <span class='ocrx_word' id='word_1_185' title='bbox 586 3280 730 3356; x_wconf 82' lang='lat' dir='ltr'><strong>Jurasso;</strong></span> <span class='ocrx_word' id='word_1_186' title='bbox 755 3297 816 3342; x_wconf 88' lang='lat' dir='ltr'><strong>var.</strong></span> <span class='ocrx_word' id='word_1_187' title='bbox 840 3283 869 3356; x_wconf 84' lang='grc' dir='ltr'><strong>β.</strong></span> <span class='ocrx_word' id='word_1_188' title='bbox 891 3278 967 3342; x_wconf 88' lang='lat' dir='ltr'><strong>locis</strong></span> <span class='ocrx_word' id='word_1_189' title='bbox 991 3277 1179 3342; x_wconf 84' lang='lat' dir='ltr'><strong>siccioribus.</strong></span> <span class='ocrx_word' id='word_1_190' title='bbox 1273 3270 1275 3274; x_wconf 75' lang='grc'><strong>’</strong></span> 
     </span>
     <span class='ocr_line' id='line_1_28' title="bbox 19 3367 862 3466; baseline 0.007 -28"><span class='ocrx_word' id='word_1_191' title='bbox 19 3367 80 3440; x_wconf 65' lang='grc' dir='ltr'><strong>Μ</strong></span> <span class='ocrx_word' id='word_1_192' title='bbox 98 3383 127 3445; x_wconf 93' lang='lat' dir='ltr'><strong>in</strong></span> <span class='ocrx_word' id='word_1_193' title='bbox 150 3384 318 3450; x_wconf 80' lang='lat' dir='ltr'><strong>Amerioae</strong></span> <span class='ocrx_word' id='word_1_194' title='bbox 335 3384 692 3466; x_wconf 76' lang='lat' dir='ltr'><strong>Montibus-rupestribus</strong></span> <span class='ocrx_word' id='word_1_195' title='bbox 715 3384 862 3464; x_wconf 89' lang='lat' dir='ltr'><strong>provenit.</strong></span> 
     </span>
    </p>

    <p class='ocr_par' dir='ltr' id='par_1_14' title="bbox 74 3487 459 3556">
     <span class='ocr_line' id='line_1_29' title="bbox 74 3487 459 3556; baseline 0.023 -9"><span class='ocrx_word' id='word_1_196' title='bbox 74 3487 166 3552; x_wconf 78' lang='lat' dir='ltr'><strong>tract</strong></span> <span class='ocrx_word' id='word_1_197' title='bbox 190 3499 308 3554; x_wconf 84' lang='lat' dir='ltr'><strong>matur.</strong></span> <span class='ocrx_word' id='word_1_198' title='bbox 333 3498 459 3556; x_wconf 86' lang='lat' dir='ltr'><strong>aestate.</strong></span> 
     </span>
    </p>
   </div>
   <div class='ocr_carea' id='block_1_8' title="bbox 16 3603 1178 3768">
    <p class='ocr_par' dir='ltr' id='par_1_15' title="bbox 16 3603 1178 3768">
     <span class='ocr_line' id='line_1_30' title="bbox 62 3603 1178 3678; baseline 0.004 -22"><span class='ocrx_word' id='word_1_199' title='bbox 62 3603 128 3662; x_wconf 81' lang='lat' dir='ltr'><strong>loliis</strong></span> <span class='ocrx_word' id='word_1_200' title='bbox 145 3611 243 3666; x_wconf 79' lang='lat' dir='ltr'><strong>albidis</strong></span> <span class='ocrx_word' id='word_1_201' title='bbox 263 3611 401 3664; x_wconf 83' lang='lat' dir='ltr'><strong>subnitidis</strong></span> <span class='ocrx_word' id='word_1_202' title='bbox 418 3614 445 3662; x_wconf 91' lang='lat' dir='ltr'><strong>in</strong></span> <span class='ocrx_word' id='word_1_203' title='bbox 464 3609 598 3664; x_wconf 87' lang='lat' dir='ltr'><strong>bulltillarn</strong></span> <span class='ocrx_word' id='word_1_204' title='bbox 617 3613 763 3678; x_wconf 74' lang='lat' dir='ltr'><strong>coopertis,</strong></span> <span class='ocrx_word' id='word_1_205' title='bbox 787 3611 868 3663; x_wconf 83' lang='lat' dir='ltr'><strong>laxius</strong></span> <span class='ocrx_word' id='word_1_206' title='bbox 887 3610 1023 3676; x_wconf 84' lang='lat' dir='ltr'><strong>areolatia,</strong></span> <span class='ocrx_word' id='word_1_207' title='bbox 1042 3611 1123 3676; x_wconf 81' lang='lat' dir='ltr'><strong>priato</strong></span> <span class='ocrx_word' id='word_1_208' title='bbox 1142 3611 1178 3660; x_wconf 89' lang='lat' dir='ltr'><strong>in-</strong></span> 
     </span>
     <span class='ocr_line' id='line_1_31' title="bbox 16 3695 448 3768; baseline 0.025 -29"><span class='ocrx_word' id='word_1_209' title='bbox 16 3695 60 3740; x_wconf 71' lang='lat' dir='ltr'><strong>art·</strong></span> <span class='ocrx_word' id='word_1_210' title='bbox 74 3711 86 3744; x_wconf 82' lang='lat' dir='ltr'><strong>a</strong></span> <span class='ocrx_word' id='word_1_211' title='bbox 102 3699 255 3768; x_wconf 73' lang='lat' dir='ltr'><strong>congeratis</strong></span> <span class='ocrx_word' id='word_1_212' title='bbox 275 3697 448 3766; x_wconf 73' lang='lat' dir='ltr'><strong>distinguitur.</strong></span> 
     </span>
    </p>
   </div>
   <div class='ocr_carea' id='block_1_9' title="bbox 381 3851 789 4077">
    <p class='ocr_par' dir='ltr' id='par_1_16' title="bbox 381 3851 789 4077">
     <span class='ocr_line' id='line_1_32' title="bbox 381 3851 789 3934; baseline -0.002 -2"><span class='ocrx_word' id='word_1_213' title='bbox 381 3871 453 3932; x_wconf 76' lang='lat' dir='ltr'><strong>cen.</strong></span> <span class='ocrx_word' id='word_1_214' title='bbox 478 3869 507 3932; x_wconf 86' lang='lat'><strong>3.</strong></span> <span class='ocrx_word' id='word_1_215' title='bbox 553 3851 789 3934; x_wconf 82' lang='lat' dir='ltr'><strong>utnuuonou&#39;.</strong></span> 
     </span>
     <span class='ocr_line' id='line_1_33' title="bbox 392 4009 775 4077; baseline 0.003 -16"><span class='ocrx_word' id='word_1_216' title='bbox 392 4010 478 4062; x_wconf 82' lang='lat' dir='ltr'><strong>Huttw.</strong></span> <span class='ocrx_word' id='word_1_217' title='bbox 500 4009 542 4077; x_wconf 89' lang='lat' dir='ltr'><strong>Sp.</strong></span> <span class='ocrx_word' id='word_1_218' title='bbox 564 4009 593 4060; x_wconf 85' lang='lat' dir='ltr'><strong>lt.</strong></span> <span class='ocrx_word' id='word_1_219' title='bbox 614 4013 775 4072; x_wconf 79' lang='lat' dir='ltr'><strong>(emendati.</strong></span> 
     </span>
    </p>
   </div>
   <div class='ocr_carea' id='block_1_10' title="bbox 18 4129 1180 4528">
    <p class='ocr_par' dir='ltr' id='par_1_17' title="bbox 18 4129 1180 4528">
     <span class='ocr_line' id='line_1_34' title="bbox 78 4129 1180 4214; baseline 0.006 -25"><span class='ocrx_word' id='word_1_220' title='bbox 78 4129 186 4194; x_wconf 64' lang='lat' dir='ltr'><strong>Plance</strong></span> <span class='ocrx_word' id='word_1_221' title='bbox 212 4149 371 4214; x_wconf 88' lang='lat' dir='ltr'><strong>perennes</strong></span> <span class='ocrx_word' id='word_1_222' title='bbox 395 4132 452 4194; x_wconf 90' lang='lat' dir='ltr'><strong>sub</strong></span> <span class='ocrx_word' id='word_1_223' title='bbox 475 4133 561 4214; x_wconf 88' lang='lat' dir='ltr'><strong>apice</strong></span> <span class='ocrx_word' id='word_1_224' title='bbox 584 4133 774 4212; x_wconf 82' lang='lat' dir='ltr'><strong>innovantes,</strong></span> <span class='ocrx_word' id='word_1_225' title='bbox 798 4133 919 4194; x_wconf 80' lang='lat' dir='ltr'><strong>tandein</strong></span> <span class='ocrx_word' id='word_1_226' title='bbox 941 4131 1054 4214; x_wconf 87' lang='lat' dir='ltr'><strong>pluries</strong></span> <span class='ocrx_word' id='word_1_227' title='bbox 1077 4131 1180 4196; x_wconf 80' lang='lat' dir='ltr'><strong>dielic-</strong></span> 
     </span>
     <span class='ocr_line' id='line_1_35' title="bbox 18 4231 1180 4320; baseline 0.013 -35"><span class='ocrx_word' id='word_1_228' title='bbox 18 4231 75 4290; x_wconf 79' lang='lat' dir='ltr'><strong>tone</strong></span> <span class='ocrx_word' id='word_1_229' title='bbox 93 4251 238 4318; x_wconf 76' lang='lat' dir='ltr'><strong>mansae,</strong></span> <span class='ocrx_word' id='word_1_230' title='bbox 264 4237 449 4320; x_wconf 75' lang='lat' dir='ltr'><strong>fastigiatae,</strong></span> <span class='ocrx_word' id='word_1_231' title='bbox 472 4236 510 4299; x_wconf 91' lang='lat' dir='ltr'><strong>ad</strong></span> <span class='ocrx_word' id='word_1_232' title='bbox 534 4237 620 4300; x_wconf 89' lang='lat' dir='ltr'><strong>basin</strong></span> <span class='ocrx_word' id='word_1_233' title='bbox 643 4238 865 4300; x_wconf 80' lang='lat' dir='ltr'><strong>innovatiouunr</strong></span> <span class='ocrx_word' id='word_1_234' title='bbox 881 4235 1062 4298; x_wconf 86' lang='lat' dir='ltr'><strong>radicantes.</strong></span> <span class='ocrx_word' id='word_1_235' title='bbox 1100 4234 1180 4300; x_wconf 85' lang='lat' dir='ltr'><strong>Folia</strong></span> 
     </span>
     <span class='ocr_line' id='line_1_36' title="bbox 18 4323 1180 4424; baseline 0 -21"><span class='ocrx_word' id='word_1_236' title='bbox 18 4323 172 4421; x_wconf 65' lang='lat' dir='ltr'><strong>l-ilaria,</strong></span> <span class='ocrx_word' id='word_1_237' title='bbox 196 4342 359 4424; x_wconf 78' lang='lat' dir='ltr'><strong>etongato-</strong></span> <span class='ocrx_word' id='word_1_238' title='bbox 385 4348 416 4403; x_wconf 94' lang='lat' dir='ltr'><strong>et</strong></span> <span class='ocrx_word' id='word_1_239' title='bbox 438 4341 742 4416; x_wconf 80' lang='lat' dir='ltr'><strong>lineali-lanceolata,</strong></span> <span class='ocrx_word' id='word_1_240' title='bbox 765 4358 835 4404; x_wconf 87' lang='lat' dir='ltr'><strong>raro</strong></span> <span class='ocrx_word' id='word_1_241' title='bbox 857 4343 979 4420; x_wconf 90' lang='lat' dir='ltr'><strong>latiora,</strong></span> <span class='ocrx_word' id='word_1_242' title='bbox 1011 4341 1095 4422; x_wconf 91' lang='lat' dir='ltr'><strong>apice</strong></span> <span class='ocrx_word' id='word_1_243' title='bbox 1117 4340 1180 4420; x_wconf 90' lang='lat' dir='ltr'><strong>plo·</strong></span> 
     </span>
     <span class='ocr_line' id='line_1_37' title="bbox 20 4445 1180 4528; baseline 0.001 -23"><span class='ocrx_word' id='word_1_244' title='bbox 20 4451 116 4520; x_wconf 68' lang='lat' dir='ltr'><strong>umque</strong></span> <span class='ocrx_word' id='word_1_245' title='bbox 142 4446 206 4528; x_wconf 83' lang='lat' dir='ltr'><strong>plus</strong></span> <span class='ocrx_word' id='word_1_246' title='bbox 237 4448 381 4511; x_wconf 81' lang='lat' dir='ltr'><strong>minusue</strong></span> <span class='ocrx_word' id='word_1_247' title='bbox 412 4445 553 4510; x_wconf 88' lang='lat' dir='ltr'><strong>distincte</strong></span> <span class='ocrx_word' id='word_1_248' title='bbox 585 4455 719 4508; x_wconf 89' lang='lat' dir='ltr'><strong>serrata.</strong></span> <span class='ocrx_word' id='word_1_249' title='bbox 751 4448 810 4508; x_wconf 89' lang='lat' dir='ltr'><strong>reti</strong></span> <span class='ocrx_word' id='word_1_250' title='bbox 832 4447 1009 4528; x_wconf 78' lang='lat' dir='ltr'><strong>angustiore</strong></span> <span class='ocrx_word' id='word_1_251' title='bbox 1032 4461 1119 4526; x_wconf 86' lang='lat' dir='ltr'><strong>quant</strong></span> <span class='ocrx_word' id='word_1_252' title='bbox 1151 4447 1180 4506; x_wconf 89' lang='lat' dir='ltr'><strong>in</strong></span> 
     </span>
    </p>
   </div>
   <div class='ocr_carea' id='block_1_11' title="bbox 20 4550 1180 4714">
    <p class='ocr_par' dir='ltr' id='par_1_18' title="bbox 20 4550 1180 4714">
     <span class='ocr_line' id='line_1_38' title="bbox 20 4550 1180 4631; baseline -0.003 -17"><span class='ocrx_word' id='word_1_253' title='bbox 20 4555 107 4614; x_wconf 77' lang='lat' dir='ltr'><strong>tenere</strong></span> <span class='ocrx_word' id='word_1_254' title='bbox 128 4552 346 4629; x_wconf 86' lang='lat' dir='ltr'><strong>praecedente,</strong></span> <span class='ocrx_word' id='word_1_255' title='bbox 372 4568 461 4631; x_wconf 87' lang='lat' dir='ltr'><strong>supra</strong></span> <span class='ocrx_word' id='word_1_256' title='bbox 485 4550 573 4612; x_wconf 89' lang='lat' dir='ltr'><strong>basin</strong></span> <span class='ocrx_word' id='word_1_257' title='bbox 598 4553 815 4631; x_wconf 79' lang='lat' dir='ltr'><strong>sultvaginante</strong></span> <span class='ocrx_word' id='word_1_258' title='bbox 840 4553 935 4612; x_wconf 83' lang='lat' dir='ltr'><strong>laxius</strong></span> <span class='ocrx_word' id='word_1_259' title='bbox 961 4558 1040 4612; x_wconf 84' lang='lat' dir='ltr'><strong>texta</strong></span> <span class='ocrx_word' id='word_1_260' title='bbox 1064 4551 1180 4629; x_wconf 77' lang='lat' dir='ltr'><strong>hyalino</strong></span> 
     </span>
     <span class='ocr_line' id='line_1_39' title="bbox 57 4649 975 4714; baseline -0.007 1"><span class='ocrx_word' id='word_1_261' title='bbox 57 4649 304 4714; x_wconf 57' lang='lat' dir='ltr'><strong>&amp;carust-aa·-</strong></span> <span class='ocrx_word' id='word_1_262' title='bbox 960 4653 975 4704; x_wconf 78' lang='lat' dir='ltr'><strong>a</strong></span> 
     </span>
    </p>
   </div>
   <div class='ocr_carea' id='block_1_12' title="bbox 0 0 1556 5364">
    <p class='ocr_par' dir='ltr' id='par_1_19' title="bbox 0 0 1556 5364">
     <span class='ocr_line' id='line_1_40' title="bbox 0 0 1556 5364; baseline 0 3"><span class='ocrx_word' id='word_1_263' title='bbox 0 0 1556 5364; x_wconf 95' lang='lat' dir='ltr'><strong> </strong></span> 
     </span>
    </p>
   </div>
  </div>
 </body>
</html>
