3104 5364
393 391 452 458 180
912 402 1064 458 l'ottimese.

391 581 427 642 ad
453 581 567 660 apicem
592 576 677 640 valde
701 576 942 659 chloroplryllosa
960 583 1073 642 atinate
1097 589 1128 642 et
1144 581 1329 644 densissime
1353 583 1491 663 papillosa.
1510 585 1543 660 pal

388 683 466 764 pillis
490 701 545 765 pro
568 701 652 744 more
683 683 840 763 bipartitis.
890 684 993 745 atores
1019 685 1211 759 piscantes,
1241 687 1391 768 polygami
1421 693 1449 747 et
1473 687 1543 766 diota,

388 789 546 870 utriusque
570 803 663 849 sexus
686 787 924 870 gemmilormes.
957 788 1175 853 Perichaetium
1199 790 1267 872 plus
1283 792 1384 854 minus
1399 777 1543 856 distinam

387 892 515 974 capsula
544 892 603 955 alte
632 890 821 972 pediocllata,
846 893 986 976 elongata
1010 893 1057 956 vel
1080 893 1253 975 cylindrica,
1282 895 1419 978 aemulis
1441 887 1543 956 veisa

386 1004 518 1061 arcuata.
567 996 704 1078 Calyptra
733 997 840 1078 longa,
864 997 1021 1060 cucullata.
1072 997 1219 1080 Capsulae
1244 999 1423 1082 operculum
1456 997 1539 1061 brevia

331 1080 336 1100 ¹
386 1103 543 1188 longiusve
567 1107 738 1164 rostratum.
776 1098 914 1163 tinnulus
939 1100 1108 1166 distinctus.
1157 1103 1325 1167 Peristomii
1350 1105 1459 1167 dentes
1485 1103 1535 1184 plm

385 1215 512 1284 tenues,
535 1205 725 1289 longiusculi,
750 1204 1041 1284 lineali-lanceolati‚
1066 1208 1129 1270 basi
1154 1208 1367 1289 confluentes,
1404 1210 1477 1272 lines
1501 1207 1541 1266 dit

387 1311 479 1375 surali
503 1310 680 1391 subintegra
705 1309 752 1370 vel
777 1311 883 1391 partim
907 1309 957 1372 vel
978 1318 1038 1374 tota
1066 1312 1131 1373 lere
1153 1311 1342 1396 longitudine
1360 1313 1443 1392 lissa,
1466 1331 1517 1374 rem

384 1415 549 1492 articulati,
572 1414 736 1496 punctulati
769 1412 846 1476 lraud
870 1415 1023 1497 papillosi,
1054 1415 1282 1499 hygroscopici‚
1312 1416 1393 1482 lraud
1417 1417 1507 1480 rami

385 1518 518 1604 gulares.
564 1520 680 1601 Sporae
705 1519 849 1584 minutae.

470 1623 587 1688 Nomen
610 1622 840 1706 lledwigiarrum
864 1643 881 1686 a
904 1627 1037 1703 διδυμος
1060 1627 1208 1710 gemellus
1231 1635 1263 1690 et
1286 1628 1387 1706 ddav,
1410 1628 1449 1691 olt
1470 1627 1527 1690 dem

382 1729 519 1814 duplices
546 1731 564 1791 i.
589 1749 616 1792 e.
641 1748 658 1790 e
681 1726 790 1810 duplici
814 1729 897 1791 serie
920 1728 1096 1793 cellularum
1121 1729 1315 1811 efformatae,
1347 1731 1460 1814 quibus
1481 1748 1528 1814 gen

382 1835 439 1898 hoc
461 1853 478 1898 a
501 1831 708 1916 praecedente
731 1838 765 1893 ut
780 1815 803 1894 ‘a
828 1839 978 1913 sequente
1002 1832 1111 1896 differt.

470 1955 629 2019 Habitetis
652 1955 811 2017 temestris
834 1962 866 2017 et
888 1956 1034 2018 saxatilis.

381 2079 578 2160 Didpmodott
600 2085 632 2139 et
655 2077 895 2140 Pmedoatomum
917 2076 1017 2140 llnnw.
1043 2085 1073 2139 et
1098 2079 1228 2140 Scuwos.

387 2183 508 2260 Weitt'o,
534 2183 787 2258 Tmolostomum
815 2181 967 2262 Gpnodon
990 2180 1070 2244 Bam.

386 2288 508 2366 Weiaia,
532 2287 740 2368 Didptncdon,
767 2287 1007 2349 Trictottomam
1029 2285 1122 2348 lloor.
1147 2294 1178 2348 et
1201 2285 1285 2349 Tam.

382 2393 623 2457 l'ricitoetomum
646 2390 677 2454 C.
702 2389 826 2452 liliatas.

452 2511 538 2566 Genus
562 2511 681 2564 lullonum
705 2509 883 2563 reticulatione
906 2513 1068 2578 angustiore,
1098 2513 1237 2579 peristomii
1263 2512 1390 2567 dentibus
1416 2515 1518 2566 tenuium
1542 2489 1543 2520 ¹

382 2601 449 2654 hand
466 2598 617 2669 pupillaris,
637 2596 790 2668 regulariter
808 2597 876 2650 linea
894 2597 1026 2650 divisurali
1042 2599 1169 2660 exaratis,
1188 2616 1203 2651 a
1221 2601 1402 2668 praecedente
1427 2617 1515 2671 genere

381 2688 507 2754 stinctum,
527 2705 541 2739 a
562 2686 748 2738 Triedutono
765 2686 904 2754 peristomii
924 2695 1049 2738 structura
1067 2687 1204 2739 diversum.

672 2899 790 2950 Floret
813 2896 1014 2948 dissertator
1038 2903 1068 2946 et
1094 2897 1282 2964 typoqpttr'.

771 3039 795 3104 l.
838 3033 1020 3118 artynorm
1043 3035 1184 3106 rultellrs

748 3176 867 3229 Grimmin
885 3175 984 3230 rebella
1004 3177 1072 3229 liora
1091 3176 1203 3230 Teutam.

465 3303 661 3385 caespitem,
695 3301 845 3382 caespites
880 3301 999 3363 inferne
1029 3319 1046 3361 e
1082 3301 1260 3384 ferrugineo
1295 3301 1430 3382 rubelli3
1466 3299 1524 3383 plan

378 3405 593 3472 semiunciales
623 3413 654 3466 et
682 3403 817 3467 unciales
851 3403 917 3486 plus
947 3407 1044 3467 minus
1073 3419 1232 3482 ramosae,
1262 3406 1415 3487 graciles.
1463 3403 1531 3466 Folia

376 3514 443 3578 ltasi
464 3517 566 3575 erecta
581 3507 890 3589 divaricata-patentia
915 3509 996 3572 sicca
1012 3508 1160 3591 crispata3
1184 3507 1333 3573 interiora
1358 3511 1500 3574 breviora

377 3615 508 3693 ceolata,
531 3613 690 3695 superiora
714 3613 814 3675 sabito
838 3613 903 3675 lere
928 3614 1051 3696 majora,
1075 3611 1255 3690 lanceolata,
1278 3613 1349 3677 basi
1375 3613 1527 3694 subample

377 3719 608 3784 mulceamus
631 3716 740 3780 dehinc
763 3717 912 3796 carinata,
936 3718 1072 3801 margine
1096 3715 1235 3780 revoluto
1259 3725 1291 3780 et
1313 3725 1453 3804 utraque
1475 3717 1531 3800 pa'

376 3823 574 3888 minutissime
601 3821 760 3904 papillosa,
789 3827 874 3885 costa
903 3823 987 3886 tenui
1011 3821 1099 3884 tereti
1123 3840 1191 3884 cum
1215 3823 1303 3904 apice
1328 3822 1472 3888 evanida.
1514 3866 1520 3882 ,

376 3925 502 3992 theridio
524 3925 676 4008 elongata,
700 3925 883 4007 pamphyses
907 3935 953 3990 sat
977 3943 1167 3990 nurnerosae.
1214 3925 1347 4008 capsula
1373 3929 1506 4012 cplirmm

376 4034 533 4116 elongata,
567 4031 664 4093 rarius
688 4030 816 4114 oblonga
847 4031 894 4093 vel
925 4030 1029 4110 oratis,
1059 4029 1264 4114 leptoderma,
1294 4032 1466 4115 impletae
1494 4033 1530 4090 tir

375 4137 563 4202 lucescem.
610 4134 793 4218 operculum
816 4136 938 4198 brevius
962 4135 1120 4220 longiusve
1143 4143 1325 4214 rostratam,
1352 4149 1459 4202 rostro
1480 4139 1526 4200 bre

375 4261 431 4307 ore
459 4242 613 4318 subrecto,
644 4239 781 4324 longiore
809 4239 940 4322 obliquo.
995 4241 1135 4305 Annulus
1166 4261 1184 4304 e
1212 4240 1334 4306 cellulis
1367 4239 1524 4328 magnist

374 4354 487 4426 mma,
509 4343 596 4410 ualde
619 4343 743 4426 lnamlis.
791 4343 958 4408 Peristomii
981 4344 1090 4408 dentes
1113 4365 1131 4408 c
1156 4347 1332 4410 membrana
1359 4347 1482 4414 tamna

374 4451 515 4536 producta
539 4449 707 4530 subintegri
731 4467 787 4511 seu
811 4447 872 4510 issi
896 4457 926 4510 ct
943 4449 1069 4531 pertusi.
1094 4448 1220 4526 molles,
1259 4449 1367 4530 pallidi
1390 4453 1440 4516 rel

373 4559 487 4642 §poree
510 4555 622 4618 laeves.
667 4552 765 4633 Brpol.
789 4571 853 4618 eur.
878 4550 911 4632 ll,
935 4553 995 4616 Tab
1035 4553 1102 4615 tas.
