3144 5366
464 1239 753 1379 sphagno.

100 1573 224 1638 Plantae
247 1573 401 1636 muscinae
424 1571 647 1651 caulescentes‚
669 1570 823 1652 plurifaria
840 1567 977 1650 loliosae,
1001 1587 1098 1654 grege
1114 1569 1210 1634 dense

18 1675 181 1760 degentes,
205 1680 270 1742 sola
293 1678 387 1760 prima
411 1685 508 1742 aetate
531 1677 673 1742 radiculis
697 1675 870 1740 tenerrimis
894 1673 1011 1755 pallidis
1035 1661 1209 1739 instructae.

20 1779 115 1846 Caulis
141 1803 182 1846 ex
205 1800 297 1866 opere
321 1781 466 1844 celluloso
490 1782 597 1864 triplici
628 1781 818 1862 ellormatus,
843 1799 882 1842 ex
905 1786 1034 1842 externo
1056 1776 1210 1841 laxissime

14 1887 156 1950 corticem
181 1886 333 1972 lingente,
369 1905 386 1948 e
409 1885 509 1950 medio
532 1887 653 1968 lignoso
676 1893 707 1948 et
729 1904 771 1971 err¹
791 1883 911 1946 interno
939 1883 988 1948 vel
1010 1883 1080 1946 axili
1102 1901 1209 1966 paren·

14 1988 188 2072 clymatoso
211 1991 360 2054 medullae
384 1990 482 2054 locum
506 1997 639 2052 tenente.
685 1989 765 2051 Folia
788 2007 806 2050 e
829 1995 924 2051 strato
959 1987 1087 2080 simplici¹
1117 1985 1208 2048 cellu-

13 2095 105 2160 larum
130 2095 302 2160 biformium
326 2097 509 2178 composita,
544 2113 670 2178 quarum
693 2095 826 2156 minores
850 2093 1045 2178 angustiores
1075 2089 1208 2154 utriculu-

10 2197 122 2262 lormes
147 2199 351 2282 protoplasma
375 2195 650 2282 chloropbyllosum
682 2197 830 2261 vehentes
862 2195 1100 2260 extremitatibus
1131 2195 1211 2256 inter

10 2319 43 2364 se
66 2301 250 2390 cohaerent,
276 2304 467 2386 majoresque
492 2321 602 2366 vacuas
625 2302 760 2384 hyalinas
784 2301 961 2386 plerumque
985 2299 1098 2364 tibrillis
1115 2315 1209 2361 annn-

6 2403 120 2469 laribns
148 2406 198 2470 vel
221 2406 382 2488 spiralibus
406 2414 437 2469 et
459 2409 542 2488 poris
566 2409 731 2470 instructas
755 2407 794 2468 ita
817 2405 1059 2488 circumcingunt
1090 2411 1122 2466 ut
1144 2409 1211 2466 rete

6 2512 188 2574 continuum
213 2511 393 2604 ellormerpt.⁸
429 2510 534 2573 Flores
558 2509 716 2590 laterales3
741 2509 864 2572 masculi
885 2509 1063 2591 amentacel
1089 2505 1211 2570 feminei

4 2617 189 2696 gemmacei.
235 2615 361 2678 Fructus
386 2613 507 2696 capsula
530 2614 560 2676 in
591 2613 729 2698 vaginula
762 2611 974 2676 subdiscoidea
1001 2607 1211 2697 pseudopodio

5 2719 126 2784 demum
156 2721 233 2782 elata
256 2717 388 2798 sessilis,
413 2718 589 2802 imperfecte
613 2719 786 2803 calyptratm
805 2718 942 2802 globosa,
967 2719 1051 2800 apice
1068 2716 1211 2802 operculo
1316 2729 1321 2739 '

2 2821 239 2888 horizontaliter
273 2821 486 2886 cireumscisso
518 2821 688 2888 dehiscens.
736 2825 849 2908 Sporae
881 2823 911 2885 in
940 2824 1104 2910 sporangio
1128 2819 1214 2885 coln-'

4 2927 113 2992 mellae
150 2927 344 2991 abbreviatae
373 2927 525 2991 insidente
558 2927 741 2992 retraedrao.
787 2927 977 2991 Protballinm
1001 2923 1209 2992 nodoso-lila-
1282 2963 1286 2970 -

4 3041 184 3096 mentosnm
209 3038 240 3094 et
262 3031 392 3096 lobatum
417 3031 611 3114 hepaticenm.

98 3137 258 3220 Spbopoo
281 3155 336 3198 sen
361 3138 387 3199 si
409 3137 504 3200 mavis
528 3137 659 3200 Plantae
680 3135 874 3218 spbapoiooe
897 3133 1032 3198 Classem
1055 3134 1206 3217 propriam

4 3239 170 3304 llormant
193 3240 231 3304 ab
253 3239 302 3302 illa
319 3241 495 3304 Marsorum
519 3258 576 3304 seu
591 3241 774 3304 Plataearum
803 3241 985 3322 brpioorarm
1009 3237 1083 3300 satis
1099 3255 1207 3320 super-

3 3363 57 3407 ue
84 3345 282 3424 distinctam,
306 3343 344 3408 ad
365 3345 481 3410 diemo
503 3363 620 3427 genere
643 3345 732 3408 unico
755 3345 949 3427 compositam
977 3344 1064 3425 enjus
1087 3345 1208 3424 species

1 3469 51 3511 er
77 3458 183 3514 totum
208 3450 312 3514 orbem
336 3456 486 3513 terrarum
510 3451 574 3513 loca
605 3467 720 3531 aquosa
743 3455 908 3530 temperata
938 3455 971 3510 ut
1001 3445 1155 3530 frigidiora
1179 3455 1211 3510 et

0 3575 71 3620 rae
96 3556 236 3621 caeteris
259 3555 374 3619 tortosa
397 3555 539 3619 incolunt.

453 3712 528 3774 Gen.
554 3711 767 3776 Sl’HllGNUll.

471 3827 572 3883 Drnnnn.
590 3829 653 3883 llist.
672 3829 753 3883 linae

89 3934 200 4000 Caulis
226 3935 385 4017 primarios
409 3943 531 3998 erectus
555 3954 594 3998 ex
616 3937 701 4018 apice
725 3936 886 3998 continuus
917 3951 1070 4016 secusque
1096 3935 1210 4017 apicem

0 4041 167 4106 nnuatim
191 4037 309 4123 singula
333 4039 528 4104 innovatione
551 4041 711 4121 repetitus,
735 4037 816 4103 unda
839 4044 937 4102 aetate
965 4039 1141 4121 simpliciter
1163 4041 1211 4103 vel

8 4147 121 4210 luries
150 4141 321 4205 dichotomc
346 4143 663 4227 fastigato-ramosus,
686 4143 808 4208 ramulis
830 4141 1092 4226 llagellilormibns
1115 4143 1209 4206 ebasi

0 4247 197 4313 sciculatis
220 4263 343 4328 semper
365 4265 383 4310 e
406 4247 502 4310 latere
525 4248 701 4311 insertionis
718 4249 814 4331 quarti
831 4247 892 4312 lolii
908 4247 986 4309 natis
1002 4248 1209 4329 pentasticbis‚

1 4355 112 4418 artim
144 4348 252 4432 patulis
276 4351 383 4433 partim
399 4347 686 4433 admosse-reflexis
704 4354 815 4435 spiram
831 4351 873 4414 illi
889 4350 1027 4414 loliorum
1043 4354 1209 4434 oppositam

2 4453 221 4541 equentibus.
267 4455 347 4518 Folia
371 4455 486 4520 saultoa
509 4457 713 4538 pantastlcba‚
746 4465 850 4521 erecta
879 4455 928 4518 vsl
959 4455 1072 4520 retlsxa
1097 4457 1133 4520 od
1156 4476 1208 4520 an·

1 4627 2 4636 ,
32 4565 88 4628 los
118 4559 300 4646 insertionis
324 4558 550 4642 appendiculata
567 4560 651 4642 qnasi
669 4563 818 4644 stipulata,
845 4561 940 4627 torma
958 4568 988 4624 et
1011 4561 1069 4624 tela
1093 4545 1209 4624 lariore
