3140 5372
484 395 655 450 mam.
1106 391 1166 460 4ss

25 589 71 652 nge
90 587 268 654 prorepens,
291 570 492 652 subsimptex3
515 571 618 638 caulam
642 571 816 636 secundarii
839 573 935 636 erecti
952 573 1007 640 vel
1015 573 1170 656 longiores

25 676 330 755 nuato-meerderteo,
362 675 545 757 simplices,
563 677 611 740 vol
632 677 874 740 innovationibus
896 677 1054 742 bis-torvo
1082 674 1171 742 divim

25 781 199 864 ¹geniculati.
243 781 324 846 Folia
347 781 481 846 munda
504 789 535 844 et
558 779 835 862 talento-soconda,
866 782 1003 846 siccitate
1031 783 1170 863 crispato,

25 891 84 948 nto·
117 893 147 948 et
178 885 527 970 oblongo-lanceolata,
560 885 687 964 motion,
721 887 857 969 margine
886 885 995 950 leniter
1017 884 1170 966 undulata,

25 990 157 1054 rarissime
179 991 322 1070 meolata,
347 991 547 1056 minutissime
569 971 727 1074 papilloan
768 991 898 1072 Copsola
917 989 1170 1074 elongato-oplio-

25 1111 100 1172 acea,
125 1102 210 1158 recta
232 1095 280 1157 uel
303 1097 445 1176 curvula,
478 1095 756 1179 rulo-ferruginea,
779 1095 888 1175 nitida,
919 1093 1067 1176 pedicello
1090 1094 1171 1158 sicco

25 1216 90 1260 mma
105 1200 297 1262 extremitate
315 1198 509 1264 dextrorsum
521 1208 673 1264 caeterum
686 1200 893 1262 sinistrorsum
909 1205 988 1262 torto
999 1198 1171 1264 concolora.

25 1302 155 1378 porculum
179 1311 308 1385 anguste
338 1304 487 1368 conicum.
531 1305 670 1368 annulus
701 1311 870 1386 angustus,
902 1321 919 1364 e
950 1302 1059 1385 duplici
1090 1302 1171 1365 serio

26 1405 149 1468 llularom
174 1410 367 1490 compositus.
414 1409 622 1482 Peristomium
646 1425 700 1490 pro
723 1409 863 1490 capsulae
884 1406 1088 1492 magnitudine
1104 1424 1171 1488 pur·

25 1529 65 1590 m3
95 1510 206 1574 dentes
230 1519 359 1594 anguste
383 1512 561 1592 lanceolati,
595 1531 687 1594 saepe
718 1513 920 1596 irregulares,
952 1527 1113 1592 processus
1143 1510 1173 1571 in

25 1615 145 1678 rnrbraua
186 1615 307 1678 bosilnri
344 1617 487 1698 capsulae
525 1616 670 1680 orificium
702 1616 779 1679 haud
812 1623 975 1698 superante
1007 1614 1173 1694 lilllormes,

25 1719 101 1780 uime
125 1720 253 1802 fragiles
277 1729 367 1802 atque
390 1709 586 1804 irregulares.
633 1721 759 1803 Sperne,
784 1727 816 1784 ut
838 1721 869 1784 iu
893 1720 1035 1800 caeteris,
1059 1718 1172 1782 fuscae.

25 1824 73 1902 pol.
95 1842 161 1886 eur.
188 1826 224 1904 V,
248 1823 318 1888 'lala
335 1823 409 1890 476.

454 2021 581 2086 Fam.
622 2021 686 2084 ΙΙ.

350 2159 790 2230 PSEUDOleSlfflldAE.

61 2310 229 2374 Plantarum
253 2311 359 2373 modus
383 2307 555 2391 vegetandi,
580 2307 720 2372 soliorum
743 2305 900 2391 dispositio
923 2317 954 2372 et
983 2318 1049 2374 rote
1080 2311 1172 2374 cellu-

25 2431 54 2492 e,
85 2412 270 2496 pamphyllia
303 2413 370 2496 plus
401 2415 561 2495 minusque
595 2429 776 2492 numerosa,
809 2415 900 2477 liores
934 2415 1067 2496 denique
1090 2417 1173 2478 utin

25 2519 119 2582 rlceir.
170 2517 301 2601 Cupsula
339 2533 450 2580 cernua
484 2517 530 2579 vel
564 2517 777 2597 horizontalia,
815 2519 1006 2597 abbreviata,
1045 2517 1174 2602 turgida,

25 2619 182 2702 rhyderma.
231 2621 402 2684 Peristomii
425 2621 534 2684 dentes
558 2620 740 2702 solidiores,
772 2621 830 2685 illis
853 2637 925 2704 gen.
949 2622 1056 2703 Hypni
1077 2622 1189 2704 quoad*

25 2743 91 2788 uam
115 2735 210 2810 atque
235 2726 379 2792 fabricam
403 2726 529 2805 similes,
554 2726 692 2806 colorati,
716 2727 827 2790 interni
844 2727 1018 2790 membrano
1037 2727 1175 2790 basilaris

25 2825 231 2910 lsproducta,
271 2830 303 2890 in
334 2843 500 2911 processus
538 2827 679 2893 dentibus
718 2831 979 2912 subsequitongns
1016 2831 1175 2914 regnares

25 2929 68 2992 lna
89 2939 238 3014 pertusos
261 2933 402 2994 continua
426 2940 458 2994 et
479 2931 557 2994 dudd
580 2951 650 2996 raro
673 2935 703 2997 in
727 2933 794 2998 cilia
820 2935 886 3017 plus
908 2934 1006 2996 minus
1029 2933 1174 3016 perlecta.

54 3035 83 3097 ln
105 3037 232 3118 Europa
257 3053 356 3117 genus
376 3019 527 3119 singulum
545 3036 701 3122 hueusque
719 3045 821 3101 notum
838 3046 896 3116 est,
920 3037 1000 3120 quod
1017 3039 1174 3103 transitum

25 3135 146 3204 lenieris
172 3141 210 3204 ad
239 3141 404 3204 Tloidleos
427 3139 573 3204 moderat.

369 3330 444 3394 Gen.
468 3331 777 3400 PSEUDOLESKEA.

395 3469 440 3523 lin.
459 3481 485 3523 st
503 3471 558 3524 Sur.
578 3471 665 3541 Brpol.
685 3491 740 3530 aar.

25 3609 104 3670 mour
128 3595 238 3658 urens.
284 3593 378 3658 lloou.
403 3597 434 3655 et
456 3593 540 3659 Tam.
586 3593 619 3657 G.
642 3595 757 3679 ituraea
781 3616 808 3658 e.
832 3619 858 3661 a.

25 3697 78 3760 um
100 3707 130 3762 et
155 3699 309 3781 uppem
331 3697 432 3760 usam
477 3697 557 3762 Baro.
601 3700 734 3765 Wmsou.

329 3873 353 3940 t.
384 3873 607 3943 tsendotcstneo
629 3873 809 3943 atrnurcus.

404 4012 469 4080 pr.
488 4015 630 4066 strovircua
648 4015 734 4066 llrcrs.
848 4007 850 4022 '

56 4132 184 4216 lmplexc
202 4131 546 4217 demisso-caespitosa,
572 4137 723 4219 caespites
740 4138 869 4201 obscure
885 4139 935 4202 vel
949 4137 1174 4200 tusco-virides.

25 4235 68 4298 olis
97 4239 187 4304 ualde
221 4239 358 4317 diuisus,
394 4239 791 4322 subpinnato-ramulcsus,
828 4242 952 4304 ramulis
982 4239 1094 4304 erectis
1125 4237 1174 4304 vel

25 4341 81 4402 ntis.
124 4345 209 4408 Folia
246 4343 383 4405 secunda
414 4346 513 4406 rarius
547 4344 680 4428 undique
713 4347 859 4428 patentia,
888 4347 1010 4427 juniora
1041 4351 1173 4408 saturata

25 4445 85 4508 liora
107 4445 338 4526 lusco-viridia,
363 4467 403 4510 cx
417 4457 505 4512 ovato
523 4450 701 4530 lanceolata,
718 4469 859 4530 rorrcuua,
884 4451 1019 4531 margine
1037 4465 1173 4518 recurva.

25 4563 92 4630 egro,
107 4563 193 4618 costa
210 4553 276 4616 sub
292 4553 381 4634 apice
399 4553 543 4636 evanida3
565 4555 747 4638 paraphylliu
763 4571 925 4617 numerosa
941 4552 1172 4619 diversilormia.
