3238 5352
355 375 426 430 XXX
871 371 1038 430 monam

357 562 419 609 non
442 545 562 612 desunt
601 547 652 612 Sic
673 543 940 615 susan-mem
954 547 1120 631 pedicsllus
1141 545 1348 612 subcunoans
1371 545 1552 624 innumeris,

356 651 487 714 minimis
505 652 650 716 uerrucis
683 658 880 734 exasperatus
910 653 1080 733 inventur,
1123 659 1154 716 et
1182 650 1327 734 plurimae
1358 649 1555 734 Brachyllae-

356 757 474 820 cioruro
496 752 617 838 species
646 755 794 839 pedicello
822 763 948 821 utuntur
976 757 1126 840 punctulis
1156 755 1332 839 prominulis
1362 755 1488 835 scabro;
1521 756 1553 817 in

354 861 591 942 Disticltoplplla'
613 869 644 924 et
660 861 896 942 llnloblepltaris
916 863 1013 939 (Dour
1030 862 1184 928 stilonis.)
1208 861 1369 942 speciebus
1384 858 1554 941 pedicellus

355 965 470 1047 papillis
493 966 592 1049 longis
615 966 663 1028 ael
686 966 793 1028 sctulis
815 966 1042 1047 spinilormibus
1074 965 1170 1029 dense
1200 965 1317 1028 obsitus
1348 965 1552 1046 conspicitur3

358 1071 387 1138 iu
410 1069 567 1134 Doltoair‘a
589 1070 704 1153 papillis
728 1069 858 1132 minimis
881 1071 975 1151 ipsam
998 1070 1150 1152 capsulam
1173 1067 1393 1134 invadentibus.

445 1172 586 1238 Pedicelli
609 1172 738 1237 directio
761 1174 845 1236 varia
867 1181 916 1236 est
937 1191 992 1256 pro
1012 1173 1104 1236 variis
1126 1171 1298 1254 speciebus.

441 1277 534 1340 Totus
556 1285 674 1340 eractnr
695 1281 847 1362 reperitur
868 1279 900 1340 in
922 1279 1050 1354 Potitia,
1078 1278 1243 1353 Dianam,
1266 1277 1453 1358 Polytra'cltia
1474 1274 1555 1338 mul-

356 1381 456 1462 tisque
479 1381 563 1462 aliis,
597 1382 664 1445 solo
694 1384 780 1464 apice
812 1385 995 1446 incarnatur
1026 1383 1056 1446 in
1079 1382 1240 1464 speciebus
1272 1398 1398 1463 quarum
1429 1381 1555 1462 capsula

354 1485 514 1550 inclinatur
536 1493 568 1550 ut
590 1487 619 1547 io
643 1485 752 1568 Brpia,
783 1486 904 1570 capsula
932 1485 1065 1550 demissa
1095 1487 1144 1548 vel
1174 1485 1292 1548 deflexa
1314 1503 1383 1550 eum
1408 1483 1556 1547 emedio

356 1591 554 1654 &caream
576 1589 680 1670 babet,
711 1590 869 1670 lacaena
897 1591 1006 1654 dicitur
1032 1609 1100 1653 cum
1129 1591 1297 1654 curvaturis
1324 1589 1460 1672 pluribus
1483 1607 1556 1652 ser·

357 1695 487 1776 pontivis
518 1697 668 1780 assurgit,
700 1697 845 1760 calamita
874 1714 941 1758 cum
971 1697 1050 1758 circa
1073 1713 1160 1758 axem
1189 1695 1317 1760 idealem
1339 1695 1554 1756 sinistrorsum

239 1851 242 1860 .
357 1817 428 1864 raro
450 1799 645 1864 dextrorsum
667 1817 739 1862 sese
762 1800 923 1880 convolvit,
947 1800 1063 1880 dequo
1086 1799 1244 1862 Fauor-ias
1265 1806 1296 1861 et
1317 1797 1475 1862 Barbulae
1497 1795 1555 1870 (B.

355 1903 522 1980 octaua)
545 1921 573 1964 e.
596 1921 623 1964 a.
647 1901 784 1984 exempla
816 1903 977 1984 praebent,
1012 1909 1170 1966 coamrtaa
1198 1901 1319 1965 lituum
1350 1903 1429 1964 cuca
1460 1919 1555 1962 axem

356 2007 506 2088 propriam
535 2006 614 2070 lunis
642 2007 798 2070 adinstar
821 2014 994 2088 torquetur,
1024 2007 1105 2090 quod
1133 2009 1164 2070 in
1194 2007 1330 2089 plurimis
1360 2003 1473 2072 rauseis
1497 2023 1556 2067 ex·

356 2109 520 2172 siccatione
555 2107 701 2189 efficitur,
741 2108 893 2190 etquidem
913 2129 1025 2174 sensu
1056 2111 1233 2195 plerumque
1262 2111 1413 2173 contrario
1440 2125 1558 2172 versus

356 2213 432 2276 duas
447 2211 586 2294 pedicelli
602 2215 827 2294 extremitatem
851 2215 987 2296 exempla
1003 2223 1088 2278 sunt:
1114 2213 1253 2279 Barbula
1267 2215 1396 2292 ruralia,
1419 2213 1558 2288 lltllert,

355 2317 576 2398 moaifoiia
598 2325 654 2382 etc.
682 2335 807 2399 quarum
836 2317 1002 2401 pedioellus
1030 2337 1163 2400 superne
1191 2319 1401 2382 sinistrorsum
1431 2316 1559 2380 interne

357 2421 552 2486 dextrorsum
587 2428 764 2504 torquetur,
805 2423 947 2486 Faueria
985 2423 1212 2504 lypronetrica
1251 2429 1283 2486 ct
1319 2420 1559 2501 liminio-pii,

356 2525 497 2592 Barbula
523 2526 725 2606 aapaicalato
747 2533 778 2590 at
800 2527 1019 2608 mundialia
1048 2544 1179 2609 superne
1208 2525 1400 2590 dextrorsum
1431 2524 1559 2588 interae

356 2631 563 2694 sinistrorsum
586 2646 655 2692 sum
679 2637 847 2695 contortum
869 2629 999 2710 babent,
1031 2632 1060 2694 in
1083 2630 1225 2694 Barbula
1245 2631 1404 2708 mbalata,
1428 2629 1459 2691 in
1481 2629 1558 2692 Fu·

356 2736 451 2798 saria
479 2733 638 2796 liberatica
660 2753 688 2798 e.
712 2754 737 2798 a.
761 2742 822 2799 tota
844 2735 1032 2820 longitudine
1061 2735 1212 2798 sinistram
1242 2751 1368 2814 versus,
1399 2735 1430 2796 io
1451 2732 1558 2798 Barb.

354 2839 475 2922 sabam,
498 2838 696 2908 inDiata'clio
719 2840 888 2920 capillaceo
911 2846 992 2903 totus
1015 2837 1152 2904 dextrum
1167 2856 1276 2902 versus
1299 2843 1455 2902 contortus
1478 2855 1559 2900 con·

355 2943 488 3026 spicitur.
532 2941 672 3004 Pedicelli
694 2941 800 3006 modus
823 2944 966 3007 torsionis
988 2943 1100 3007 diversi
1124 2961 1185 3008 non
1207 2943 1291 3028 parvi
1315 2941 1458 3006 momenti
1478 2951 1561 3006 sunt

356 3048 387 3110 in
409 3045 569 3130 speciebus
585 3045 774 3109 deliniendis.

445 3148 536 3213 Color
565 3149 705 3233 pedicelli
735 3151 865 3233 Junioris
898 3150 962 3214 basi
989 3169 1045 3232 pro
1077 3169 1161 3214 more
1192 3167 1430 3233 purpurasceos‚
1463 3151 1559 3234 apice

356 3254 460 3322 viridis
483 3254 532 3317 ael
554 3253 682 3338 pallidus
704 3260 772 3333 est,
795 3261 896 3318 aetate
919 3256 1045 3318 veroin
1068 3271 1211 3334 aureum,
1234 3254 1365 3336 luteum,
1389 3255 1558 3318 luteo-llis-

357 3377 445 3439 cun,
468 3358 634 3438 rubellum,
658 3359 849 3439 rutilantem,
873 3357 1065 3440 spatiosam,
1088 3375 1270 3444 purpureum
1293 3360 1396 3422 autin
1419 3359 1560 3424 bremis

357 3461 552 3548 longitudinis
574 3463 708 3544 partibus
730 3462 884 3526 coloribus
913 3462 1048 3545 pluribus
1078 3463 1201 3526 rnatum
1234 3471 1373 3527 muctar.
1416 3462 1450 3527 ln
1480 3483 1559 3547 spe-

356 3569 461 3632 ciebus
495 3567 658 3632 rarimimis
692 3567 777 3636 calor
799 3573 831 3628 st
853 3567 1049 3630 consistentis
1082 3567 1228 3648 primitiva
1251 3585 1350 3650 usque
1364 3566 1410 3632 ad
1432 3565 1560 3634 tructus

358 3673 555 3737 maturitatem
586 3671 762 3753 persistunt
806 3670 879 3734 Pars
908 3670 1035 3734 interior
1062 3671 1239 3754 plerumque
1270 3673 1432 3736 saturatius
1461 3674 1560 3758 tingi·

360 3785 426 3856 tur,
459 3777 574 3858 apicem
597 3793 707 3838 versus
729 3773 813 3838 color
842 3775 998 3856 pallescit,
1029 3791 1099 3838 raro
1121 3774 1229 3838 ordine
1253 3775 1375 3839 inverso
1398 3777 1484 3842 colar
1509 3779 1559 3842 in-

358 3881 451 3946 lerior
472 3879 594 3944 dilutior
608 3881 665 3944 sub
681 3879 795 3960 apicem
819 3879 967 3946 intensior
982 3879 1090 3942 evadt.
1123 3879 1178 3942 Ubi
1193 3879 1254 3944 duo
1269 3880 1391 3943 colores
1407 3878 1560 3946 dbtincte

357 3993 534 4065 comuntur,
558 3991 591 4047 nt
605 3985 635 4048 in
651 3984 787 4066 plurimis
801 3983 996 4064 Amocarpis,
1013 3981 1179 4064 pedicellru
1190 3983 1310 4048 bieolm
1325 3983 1453 4064 dieitur3
1477 4005 1558 4050 cars·

358 4090 445 4154 color
465 4089 516 4153 ubi
539 4089 623 4153 color
646 4095 706 4152 tota
730 4085 920 4170 longitudine
952 4085 1031 4150 idem
1059 4093 1107 4150 est
1136 4093 1170 4152 ut
1197 4089 1229 4152 in
1253 4087 1461 4170 Pleurooarpis
1486 4091 1559 4154 lere

357 4195 505 4258 omnibus.
545 4193 711 4258 Pedioollus
734 4209 855 4274 semper
878 4189 942 4254 lere
965 4189 1088 4254 diverso
1104 4209 1120 4254 a
1136 4191 1275 4272 capsulae
1299 4192 1404 4255 colore
1426 4193 1557 4276 gaudet,

356 4317 426 4364 raro
449 4297 567 4364 eodem
