3104 5368
938 367 1079 440 nmen.

791 544 866 610 Gen
889 543 920 608 2.
966 541 1201 610 osannam

904 675 993 730 una.
1009 675 1087 743 Stirp.
1539 743 1540 750 ἵ

485 787 586 851 Caulis
610 793 732 850 erectus
753 783 925 850 innovando
947 785 1117 850 dichotome
1145 803 1288 851 mmcsus
1316 785 1389 850 haud
1408 783 1529 848 murum

405 892 486 956 Folia
526 891 702 974 pierumque
740 907 832 971 opaca
870 890 1122 974 planco-uiridia,
1161 909 1179 954 e
1215 891 1282 954 basi
1314 889 1540 970 semianpierinuii

399 998 447 1060 vel
471 995 688 1078 subvaginante
711 994 807 1056 laxius
823 1000 905 1056 texta
921 992 1087 1057 lanceolata
1108 1000 1140 1056 et
1160 993 1532 1058 lanceolam-subantidina

398 1096 750 1181 subquartam-erectam
773 1104 804 1160 et
826 1094 913 1159 vaide
936 1096 1096 1178 papiilosa,
1120 1097 1206 1178 apice
1229 1103 1365 1176 sermm,
1395 1105 1462 1159 matr
1478 1093 1533 1154 ent

397 1223 465 1266 cum
487 1203 572 1285 apice
595 1200 721 1265 evanida
737 1199 774 1263 ad
790 1202 906 1282 apicem
925 1199 1019 1263 dorso
1035 1199 1150 1281 hispida
1165 1201 1214 1263 uc!
1230 1201 1260 1262 in
1276 1200 1396 1264 aristam
1408 1197 1540 1288 excedunt

398 1307 504 1370 Flores
536 1304 726 1383 bisexuales,
765 1305 914 1383 monoici,
951 1321 1022 1366 raro
1054 1303 1163 1382 didici,
1201 1303 1328 1368 masculi
1358 1302 1540 1386 gannitura*

398 1407 526 1490 Capsuia
554 1409 584 1470 iu
618 1407 765 1490 pedicelio
793 1415 880 1470 recto
902 1424 961 1470 sen
990 1407 1172 1470 suharcuatc
1203 1407 1347 1470 breuiore
1376 1407 1419 1470 ael
1444 1405 1536 1486 ionptu

397 1519 500 1578 erecta
525 1512 572 1575 vel
594 1529 723 1592 cernua,
756 1511 883 1594 globosa
905 1516 937 1576 et
959 1510 1214 1594 ovato-globosa,
1237 1512 1355 1588 striata,
1378 1511 1447 1572 sicca
1465 1507 1540 1584 adm

399 1621 562 1694 contracta,
585 1617 747 1698 sporanpio
771 1615 862 1680 multo
885 1615 1228 1696 minoreppcdiceliato,
1249 1616 1391 1698 capsulae
1411 1615 1494 1698 parieti
1508 1613 1537 1672 in·

399 1727 488 1782 terno
511 1717 669 1784 fflanemis
692 1718 887 1800 adhaerente,
911 1719 1055 1800 operculo
1072 1720 1196 1798 minuto,
1221 1736 1373 1798 convexo,
1395 1719 1535 1781 obtusean

398 1822 519 1886 minato.
564 1822 771 1886 Peristomium
793 1840 863 1888 raro
884 1823 997 1886 nulium
1021 1821 1070 1886 uel
1091 1823 1234 1904 simplex,
1265 1823 1438 1906 plerumque
1456 1819 1537 1900 dupin

397 1927 508 1989 interni
539 1925 647 1988 dentes
683 1925 854 1989 membrana
886 1925 1008 1989 basilari
1042 1926 1187 1989 oriiicium
1223 1925 1395 1989 excedente
1425 1912 1537 2006 conjunct

398 2029 566 2110 lanceolati,
590 2037 766 2094 transverse
789 2029 934 2094 articulati
957 2029 1038 2092 intus
1060 2036 1191 2113 anguste
1215 2028 1375 2108 lamellati,
1397 2029 1479 2091 dorso
1496 2027 1540 2085 mn

397 2131 551 2196 divisurali
573 2134 682 2212 notati,
714 2123 941 2216 nigroscopici‚
974 2133 1085 2196 interni
1106 2132 1280 2196 membrana
1302 2132 1440 2196 basiiaria
1458 2132 1540 2210 ηιμ

397 2236 428 2299 in
457 2253 624 2318 processus
657 2236 809 2299 carinatos
840 2236 979 2299 dentibus
1009 2235 1165 2299 breviores
1197 2233 1320 2298 modern
1352 2237 1384 2298 in
1414 2229 1540 2298 0an

397 2339 584 2425 divergentia
614 2340 731 2403 solutos
758 2340 918 2420 continuo,
950 2338 1061 2404 ciliolis
1091 2339 1239 2402 subaudis
1269 2338 1321 2402 rel
1355 2332 1540 2420 acuamur!

397 2445 494 2507 minus
531 2442 690 2507 distinctis.
749 2443 865 2525 Sporae
903 2441 1050 2524 minutae,
1097 2438 1283 2524 hispiduiae,
1330 2443 1540 2508 raro-bruun

397 2547 544 2613 Habitatio
566 2547 724 2612 terrestris
748 2554 779 2608 ct
800 2547 957 2628 rupestris.
1539 2569 1540 2632 p

482 2669 598 2734 Nomen
632 2671 662 2731 in
698 2669 846 2732 honorem
884 2667 919 2730 ci.
953 2667 1088 2731 Banrnnx
1121 2667 1221 2730 coloni
1259 2665 1492 2750 pennsyiraniri,

395 2773 550 2837 Drmamou
573 2774 683 2836 muscis
705 2773 841 2854 pluribus
864 2772 1042 2836 americanis
1066 2772 1203 2852 donavit,
1236 2771 1307 2834 huic
1333 2771 1442 2856 generi
1466 2777 1491 2830 et
1537 2753 1538 2766 ¹

395 2878 567 2942 Pdiionotia
590 2885 647 2940 etc.
670 2875 707 2939 ab
730 2876 880 2939 Huowrsro
903 2877 933 2938 in
956 2875 1052 2939 diosc.
1074 2877 1180 2958 [rond
1202 2875 1246 2938 ΙΙ.
1268 2876 1453 2960 impositum.

439 2981 518 3044 Baro.
547 2979 645 3063 Bryol.
673 2981 754 3043 univ.
799 2979 850 3043 on.
873 2986 906 3044 et
929 2981 993 3043 Sca.
1023 2978 1123 3062 Bryoi
1146 2997 1212 3042 eur.
1258 2979 1292 3042 C.
1316 2981 1437 3046 Noun

524 3103 564 3146 ex
584 3091 679 3166 parte.

436 3257 515 3321 Soet.
537 3257 564 3320 1.
609 3257 785 3340 Coponio
801 3265 952 3338 ,erectim
982 3258 1247 3339 cymmetrico,
1268 3264 1524 3338 ppnnostou

791 3395 814 3462 r.
843 3395 1015 3463 seusun
1035 3369 1187 3463 nauca

812 3531 858 3588 Ba
876 3545 902 3589 et
920 3535 975 3588 scr.
993 3531 1082 3604 Bryol.
1101 3553 1156 3590 eur.

482 3653 619 3736 Persida,
651 3664 804 3738 compacte
828 3657 1049 3740 caespituiosn,
1079 3655 1116 3720 ad
1149 3657 1267 3739 apicem
1291 3676 1398 3742 usque
1420 3655 1477 3723 rnd'

393 3757 473 3821 Folia
496 3760 652 3839 superiora
683 3760 779 3822 dense
802 3759 955 3838 conferta,
989 3761 1276 3844 erecto-patentia,
1301 3765 1425 3842 stricta,
1453 3757 1516 3842 naid

388 3863 509 3944 juniora
533 3860 773 3946 glauco-uiridia,
798 3863 878 3927 sicca
901 3863 1065 3942 imbricata,
1089 3883 1107 3926 e
1130 3865 1196 3928 basi
1219 3865 1355 3932 obcunte
1380 3865 1480 3952 pallida
1496 3877 1521 3922 §t

391 3967 551 4054 vagioaote
574 3967 672 4029 subito
694 3966 1038 4048 lanceolam-subulam,
1062 3985 1174 4052 prosse
1198 3979 1344 4052 serrata,
1377 3977 1459 4034 coste

391 4091 447 4155 per
469 4070 637 4136 excedente
667 4071 715 4136 vel
745 4090 811 4136 cum
842 4073 904 4138 iolii
934 4073 1020 4155 apice
1048 4071 1221 4138 desinente.
1267 4073 1384 4140 Florea
1413 4075 1523 4152 andrcp!

390 4174 559 4239 antheridia
581 4178 618 4239 ab
641 4175 832 4258 archeponiis
855 4177 927 4241 ioiio
948 4179 1038 4241 unico
1060 4177 1208 4260 sejuncta.
1247 4178 1388 4261 capsula
1404 4183 1434 4243 in
1447 4176 1504 4260 ped

390 4280 495 4342 stricto
518 4279 635 4341 rubeiio
658 4279 858 4364 subplcbose,
891 4280 1167 4363 rufo-ferruginea,
1192 4284 1278 4346 striis
1303 4283 1518 4349 commun·

391 4399 445 4444 ore
470 4379 506 4443 ad
531 4382 660 4445 medium
683 4385 848 4465 productis,
871 4386 951 4448 sicca
966 4384 1218 4468 quadrangularis
1233 4387 1370 4454 sulcau.
1417 4382 1524 4472 OpemE

391 4485 548 4565 minutum,
571 4489 870 4554 convexo—conicum.
915 4489 1015 4572 Bryot.
1039 4508 1103 4555 eur.
1127 4489 1175 4569 tv,
1199 4490 1272 4556 Tab.
1292 4491 1375 4558 315.
