3144 5366
534 387 697 454 uppaaeeaa.
1112 419 1119 438 ι
1148 385 1211 449 iifl

41 562 204 645 paucissimis
230 565 390 645 brevibus,
425 563 566 628 totamm
593 559 803 624 imbricatione
835 567 930 626 teres.
976 561 1056 627 Folia
1086 573 1210 630 erecto-

40 670 149 750 patentia
164 675 194 731 ot
209 670 281 734 laxe
296 667 498 733 incumbentia
515 666 652 730 siccitate
668 662 765 728 dense
780 665 948 748 imbricata,
964 670 1211 755 ovato-oblonga,

38 773 136 854 obtusa,
156 791 287 838 concava
310 781 342 838 et
365 769 582 851 subcucullatu,
608 768 646 833 ad
662 772 791 852 angurlos
806 779 962 854 excavata,
986 774 1063 838 ultra
1078 775 1211 840 medium

37 879 236 957 braicostata,
261 879 392 959 sericea,
416 875 526 960 partios
547 873 655 938 viridia
670 881 770 939 aetate
786 877 959 942 straminea.
992 877 1209 944 Periebaetium

35 983 58 1044 in
76 981 181 1046 rumulo
202 981 406 1065 periohuetiali
429 979 620 1063 longiusculo
651 977 807 1043 mercante
839 978 1027 1064 elongatum,
1059 983 1127 1047 laxe
1155 985 1209 1048 im-

34 1087 177 1169 briestam3
211 1085 434 1178 periebaetialia
457 1091 546 1148 acute
570 1081 757 1164 acuminata,
789 1083 909 1148 interna
940 1087 1077 1151 acumine
1101 1105 1209 1153 eroso

32 1200 149 1272 serrato,
172 1199 256 1256 costa
279 1191 473 1269 tenuissima,
496 1187 583 1270 plicis
606 1187 708 1250 nullis.
754 1186 900 1272 vaginuia
923 1189 1035 1254 breuis.
1080 1191 1209 1275 capsula

31 1298 54 1358 in
74 1296 214 1378 pedioello
236 1295 319 1360 tenui
341 1295 475 1378 paruula,
499 1300 613 1356 cernua
635 1291 685 1355 vei
707 1289 915 1373 bonimontis,
939 1295 1061 1381 turgide
1077 1296 1208 1382 oblonga

30 1401 68 1462 uei
88 1400 427 1483 incurvo-opiindraoea‚
451 1397 530 1462 collo
554 1395 695 1460 distincto
711 1395 870 1479 instructa,
894 1397 990 1464 dilate
1007 1401 1102 1482 iusca,
1126 1401 1208 1466 sicca

30 1506 223 1586 deoperoulata
256 1511 412 1584 truncato,
451 1502 597 1586 operculo
630 1501 930 1584 convexo-comico,
968 1505 1079 1571 annulo
1113 1506 1206 1570 nuile.

28 1609 180 1674 Peristomii
203 1610 327 1674 minoris
351 1607 460 1672 dentes
483 1607 690 1686 latescentes,
722 1623 888 1689 processus
918 1617 1048 1694 anguste
1078 1611 1205 1692 pertusi,
1287 1626 1292 1635 ·

25 1715 110 1778 cilicia
133 1716 234 1779 brevia
256 1715 357 1778 rarius
381 1710 523 1776 dentibus
547 1709 746 1796 aequitanga,
782 1711 908 1796 fragilia.
957 1715 1053 1796 Brpol.
1071 1732 1137 1778 aar.
1155 1715 1202 1797 Vl,

24 1819 83 1882 Tab.
98 1817 170 1884 etr.

23 1942 111 2025 lippa.
135 1943 335 2006 stramineum
364 1937 496 2002 surculis
529 1937 641 2001 erectis
671 1935 859 2001 iiliiormibus
882 1939 1088 2020 metanoeis,
1123 1939 1204 2006 foliis

137 2042 771 2110 oveto-lanceolatiseneruibmsimbricatis.
788 2043 887 2107 linens.
898 2044 982 2108 Fuso.
993 2053 1086 2127 crppt.
1095 2044 1130 2124 ss,
1137 2063 1165 2128 p.
1174 2043 1204 2112 6.

56 2153 137 2216 Sarra
159 2151 248 2233 Engl.
272 2149 336 2213 Bot
368 2147 449 2212 Baro.
472 2146 575 2228 Brpol.
597 2147 678 2210 ttniv.
710 2148 876 2213 Scawnsuu.
901 2149 1000 2232 Suppl.
1015 2148 1035 2214 1.
1066 2148 1204 2214 Ηιιιιιιιιι

137 2254 252 2320 Skenai.
282 2253 324 2316 tt.
368 2251 413 2314 Da
444 2251 573 2316 Noraaue
607 2249 679 2332 sptt.
716 2250 867 2316 emmam
903 2253 985 2316 spot
1023 2253 1127 2338 crypt
1160 2254 1202 2318 bi.

134 2354 257 2423 t279.
301 2357 351 2422 Bu.
381 2363 412 2420 et
444 2355 508 2422 Soa.
530 2352 632 2438 Brpoi.
655 2371 721 2419 eur.
767 2355 882 2418 bitume
906 2355 1034 2439 Synops.
1080 2358 1204 2422 Wrssos

132 2463 237 2547 Brpol.
259 2460 332 2524 Brit

91 2588 198 2666 Hobp't,
221 2585 251 2647 in
273 2581 367 2667 pratis
397 2579 558 2666 uliginosis
591 2589 680 2664 atque
711 2579 856 2645 turiaceis
879 2581 1022 2664 aquosis,
1054 2601 1095 2644 ex
1120 2579 1203 2648 italia

15 2693 165 2774 superiore
189 2705 290 2772 usque
313 2687 344 2751 in
367 2686 565 2768 Lapponism,
599 2683 647 2748 bic
681 2685 742 2750 illic
774 2691 822 2749 sat
855 2703 1013 2750 commune
1044 2688 1202 2752 rarissime

15 2805 100 2860 auum
125 2794 249 2872 tertiiep
272 2793 303 2854 in
318 2792 441 2873 Vogeso
458 2789 616 2872 inferiore,
641 2807 736 2873 prope
759 2789 928 2872 bipontem,
950 2799 982 2854 et
996 2791 1027 2854 in
1042 2791 1202 2874 superiore
1243 2819 1248 2830 ·

14 2899 53 2962 ubi
74 2899 226 2984 depressa
261 2905 294 2962 et
327 2895 431 2959 altiora
459 2901 560 2976 tenet,
595 2896 625 2958 in
647 2895 775 2959 turiosis
804 2895 966 2979 jurassicis
1000 2897 1201 2979 pulcherrima

16 3005 170 3088 subpedeie
202 3003 259 3068 scd
294 3001 472 3085 plerumque
506 2999 629 3082 sterile,
662 3017 756 3084 prope
788 2999 997 3082 bonomium,
1031 3019 1088 3084 per
1109 3010 1201 3067 totam

14 3107 196 3174 Germaniam
220 3105 490 3191 septentrionalem
513 3122 654 3170 necnon
677 3106 708 3168 in
731 3105 840 3172 Suesia
861 3113 952 3190 atque
979 3104 1130 3191 Norvepia
1152 3105 1201 3170 bie

14 3213 59 3277 iiic
80 3214 240 3278 uberrime
264 3210 450 3276 fructificans
472 3212 641 3274 observavi.

85 3322 194 3384 Fract.
218 3325 329 3384 motor.
352 3335 426 3380 vere
449 3323 481 3379 et
501 3315 627 3379 ineunte
649 3321 775 3381 assate

70 3441 162 3494 Piamta
183 3438 290 3508 praeitis
308 3438 482 3492 subbiiiormia
501 3436 668 3506 subsimpiex‚
686 3453 755 3490 nunc
774 3437 842 3490 elatu
860 3439 939 3492 deuse
953 3440 1107 3507 caespitoaa,
1128 3457 1194 3494 nunc

14 3543 65 3594 rape
84 3526 271 3597 procumbens,
291 3525 379 3580 colore
397 3525 494 3595 pallide
508 3525 734 3579 interconti-viriuii
747 3526 848 3579 demum
861 3527 999 3580 straminea
1012 3528 1044 3580 aui
1056 3529 1199 3596 compitum

14 3615 117 3668 citiorum
138 3615 216 3670 basin
234 3615 378 3683 nigricante
396 3613 519 3682 insignis,
543 3611 633 3667 babitu
658 3613 761 3681 proprio
784 3630 842 3668 cum
866 3613 936 3670 uuila
960 3617 1063 3684 generis
1081 3632 1199 3670 commu·

14 3704 81 3758 rude.

403 3839 452 3906 to.
481 3839 615 3921 bypnu!
637 3835 798 3905 iniurium.

373 3980 446 4033 Wua.
466 3989 492 4032 et
510 3977 542 4031 Μ.
562 3979 640 4032 liciae
659 3980 686 4032 im
705 3977 824 4033 Sobweui.

86 4101 250 4185 caespites
273 4101 344 4165 eluti
366 4103 465 4166 rarius
489 4099 624 4182 demissi,
649 4119 781 4185 superne
804 4099 1050 4184 luridovirides,
1077 4105 1197 4168 iuierne

14 4206 159 4272 *linaceo-
192 4214 224 4272 et
245 4205 436 4289 atro-insci,
469 4208 544 4272 sicci
565 4205 665 4291 rigidi.
711 4205 810 4271 cautis
831 4206 1125 4274 flexuoso-erectus
1149 4210 1197 4273 vel

15 4312 221 4392 recumbens,
252 4329 344 4394 parce
366 4311 503 4392 dicbus,
527 4311 653 4376 ramulis
674 4311 765 4375 nullis
788 4312 838 4374 vel
861 4311 989 4397 singuiis
1013 4331 1031 4374 e
1053 4313 1119 4376 basi
1142 4312 1196 4376 titi-

14 4419 84 4478 srmi
119 4418 238 4498 apicem
271 4433 381 4482 versum
412 4416 552 4482 foliorum
584 4417 697 4480 sermm
731 4417 877 4501 majorum
909 4416 1118 4480 imbricatione
1150 4417 1195 4480 in-

14 4521 151 4586 cassatis.
198 4519 279 4584 Foiia
301 4519 476 4584 bumiditate
500 4521 566 4584 laxe
589 4521 726 4586 siccitate
748 4530 832 4586 arcte
855 4521 1024 4600 imbricata,
1046 4521 1194 4608 quinque·
