3144 5366
889 370 1053 438 llypuaceae.

805 547 839 598 B.
873 545 1004 598 stom
1025 543 1141 598 diolci.

760 683 807 798 lt
837 686 971 769 llypnun
993 683 1176 766 gigantum

895 825 972 894 spec.
990 842 1049 880 nov.

464 946 744 1030 speciosissimum,
776 948 962 1029 semipedale
991 956 1022 1012 et
1055 945 1178 1029 pedale,
1209 948 1385 1026 robustum,
1415 945 1536 1026 caespites

373 1052 541 1137 profundos
564 1052 670 1134 partim
692 1051 869 1116 submersos
892 1059 1027 1116 saturato
1051 1052 1099 1114 vel
1121 1069 1139 1112 e
1162 1050 1460 1116 lulesoenteuirides
1473 1050 1538 1112 elor-

355 1153 468 1224 'amns
513 1156 614 1220 Cauiis
638 1164 778 1236 erectus,
803 1175 944 1236 crassus,
968 1175 1060 1239 parce
1082 1155 1290 1234 radiculosus,
1314 1155 1410 1218 dense
1432 1157 1537 1238 pinnato

372 1263 559 1342 ramulosus,
595 1260 719 1324 ramulis
743 1262 884 1324 tenuibus
908 1263 1005 1325 acutis
1032 1260 1140 1343 patulis
1163 1260 1359 1324 inferioribus
1380 1260 1539 1344 longioribus
1565 1317 1566 1320 ,

371 1367 495 1430 ramulis
518 1366 647 1451 singulis
670 1365 718 1428 uel
739 1365 876 1448 pluribus
899 1366 1071 1446 instructis,
1105 1366 1147 1429 ita
1170 1372 1203 1428 ut
1223 1365 1316 1429 caulis
1340 1365 1540 1447 semiplenam

371 1469 528 1534 efficiatur.
574 1470 655 1535 Folia
677 1472 795 1536 ceulina
819 1489 944 1556 magna,
975 1471 1124 1553 patentia,
1157 1470 1216 1534 late
1238 1465 1539 1548 cordato-ovata‚ad

371 1575 500 1660 angulos
523 1573 693 1639 defluentes
715 1575 802 1640 valde
827 1583 971 1640 excavata
997 1574 1134 1658 hyalino,
1168 1583 1254 1640 costa
1287 1574 1325 1638 ad
1354 1576 1469 1657 apicem
1495 1575 1566 1634 len*

371 1684 513 1744 continua
536 1679 634 1758 viridi,
657 1682 715 1744 reti
739 1680 936 1745 solidiusculo
959 1680 1066 1744 lineari
1087 1681 1125 1744 ad
1141 1681 1273 1764 angulos
1288 1687 1453 1743 excavatus
1467 1677 1540 1739 sulita
1565 1731 1566 1756 p

370 1782 672 1868 dilatato-quadrum
696 1785 765 1850 lolia
787 1785 933 1849 ramulina
957 1786 1046 1868 longa
1070 1785 1214 1868 lingulata
1229 1791 1262 1847 et
1283 1791 1415 1868 anguste
1437 1781 1540 1846 ineis

369 1890 536 1954 terminalia
558 1897 637 1954 torta
661 1895 693 1952 et
714 1888 1079 1953 subuliiormi-tubulosa.
1125 1889 1228 1953 Planta
1258 1887 1393 1953 mascula
1417 1887 1540 1950 femineae

349 1993 487 2076 similis,
510 1995 689 2078 plerumque
714 1981 812 2058 mimis
835 1995 986 2059 ramulosa
1009 2003 1040 2058 ct
1062 1994 1262 2077 pluripartita,
1292 1993 1456 2077 fastigiata,
1481 1991 1561 2054 lou'·¹

369 2099 426 2162 bus
449 2099 708 2162 numerosissimis
732 2099 913 2180 unde'tota‚
948 2099 1071 2162 ramulis
1094 2099 1242 2180 exceptis,
1266 2097 1416 2160 nodulosa
1438 2095 1541 2157 ridetur.

368 2203 473 2266 Floras
497 2203 621 2268 masculi
637 2189 787 2284 minutuli‚¹
801 2203 1038 2287 gemmilormes.
1085 2202 1273 2267 Perichaetia
1289 2202 1414 2286 saepius
1429 2200 1541 2264 contem

366 2307 574 2390 longiuscula3
608 2307 678 2372 lolia
700 2309 872 2388 imbricata,
906 2308 1008 2372 intima
1031 2307 1360 2391 oblongo-lanceolata
1390 2307 1428 2370 ad
1452 2307 1541 2389 apicem

367 2430 465 2495 usque
488 2414 716 2493 tenui-oostata,
734 2412 961 2493 subconvoluta,
978 2412 1064 2493 apice
1080 2411 1232 2494 paululum
1248 2411 1391 2495 patentia.
1425 2409 1542 2475 amuis

367 2516 591 2601 pericheetialis
614 2517 834 2602 longiusculus,
856 2517 1018 2602 paginulae
1040 2517 1139 2580 locum
1162 2523 1285 2598 teneus,
1309 2535 1389 2600 quae
1410 2517 1474 2600 ipso
1492 2529 1539 2597 per·

366 2623 469 2686 brevis
492 2621 582 2686 nudo.
627 2622 755 2706 capsula
778 2622 837 2686 alte
860 2621 1050 2705 pedicellam,
1074 2621 1281 2703 horizontalis‚
1306 2619 1537 2706 oblongo-epis

366 2727 461 2808 duce,
485 2729 678 2808 suuincnrm,
703 2745 794 2810 supra
817 2726 1149 2812 durantio-ferruginea
1170 2727 1278 2792 subtus
1294 2727 1391 2792 dilutc
1405 2725 1532 2792 oedrstt

365 2831 588 2914 pachyderma‚
624 2832 821 2913 exunnulata,
859 2830 1004 2914 operculo
1039 2831 1205 2897 mamiliani.
1250 2831 1424 2896 Peristomii
1457 2831 1533 2894 dene

291 2989 296 2998 .
366 2935 492 3019 pulchre
515 2935 713 3018 lutescentes,
738 2937 823 3019 apice
839 2943 1001 3020 angustato
1016 2935 1142 3018 pulchre
1161 2935 1433 3019 hyalino-serram
1456 2937 1538 2998 inter

364 3042 522 3125 pertenuis
555 3039 665 3124 pallide
698 3041 876 3106 latescentis
909 3057 1074 3124 processus
1108 3041 1300 3127 subintegri,
1334 3041 1405 3106 cilia
1436 3039 1539 3104 mulne

365 3145 484 3231 fragilia
507 3145 635 3228 hyalino.
681 3145 797 3227 Sporae
821 3145 1145 3231 ferrugineo-uirides.
1190 3145 1264 3210 lcoa
1287 3146 1378 3212 nulla.

365 3267 446 3351 llyp.
470 3269 669 3350 cordifolium
691 3248 848 3332 auctorum
871 3268 1085 3332 nonnullorum
1109 3269 1270 3352 praecipue
1295 3247 1491 3333 suecicorun.

364 3371 445 3456 Hyp.
469 3372 668 3455 eordifoliam
690 3391 758 3436 eor.
781 3373 996 3455 otenodietyon
1026 3373 1124 3456 Bryol.
1148 3391 1215 3438 eur.

451 3494 554 3559 llobit.
576 3496 609 3559 in
635 3493 795 3578 uliginosis
817 3502 906 3577 atque
930 3496 1016 3577 aquis
1038 3496 1211 3577 purioribus
1235 3493 1442 3579 frigidioribus
1464 3507 1540 3556 aomr

364 3597 563 3664 intermediae
586 3605 618 3664 et
639 3600 802 3683 praecipue
826 3605 973 3682 septentr.
1020 3599 1151 3683 copiose
1182 3619 1201 3664 e
1234 3601 1345 3666 Suecia
1379 3599 1490 3682 accepi,
1518 3603 1541 3654 et

363 3704 637 3787 speciosissimum,
667 3704 777 3787 pedale
801 3709 843 3782 [et
871 3705 959 3768 altius
991 3703 1030 3768 ed
1058 3703 1238 3770 Wissnieaoo
1266 3703 1432 3769 Borussiae
1461 3695 1566 3782 ottil-¹

362 3825 380 3871 a
402 3807 440 3871 el.
463 3808 514 3872 Dr.
538 3807 714 3872 linmeonlrr
736 3809 862 3892 leotum3
885 3811 916 3874 in
930 3811 1053 3894 Vogeso
1075 3817 1107 3874 et
1120 3811 1152 3874 in
1167 3809 1305 3876 ilelretia
1320 3809 1477 3876 observari
1496 3806 1539 3868 sed
1565 3799 1566 3824 ¹

361 3911 477 3993 sterile,
502 3932 521 3978 e
544 3911 730 3997 salisburgia
753 3915 840 3978 amic.
864 3914 975 3979 Saarna
998 3915 1087 3980 misit.

448 4017 552 4084 Fruct.
574 4027 686 4085 motor.
709 4021 835 4084 ineunte
859 4025 985 4084 aestate.

432 4137 496 4194 Cum
519 4142 693 4209 praecedente
718 4160 799 4212 usque
825 4143 858 4198 ad
881 4144 949 4196 diem
975 4151 1171 4207 commutatum,
1202 4144 1249 4197 aad
1268 4143 1439 4224 pulcherrim
1463 4141 1494 4194 ub
1514 4157 1530 4188 a

361 4229 509 4284 distinctum
526 4229 616 4284 babitu
634 4229 715 4284 multo
734 4229 872 4298 validiore,
891 4229 968 4286 caule
988 4231 1162 4284 emmiusculo
1186 4232 1303 4301 pinnato
1322 4241 1350 4286 et
1366 4231 1528 4300 subhipiw

362 4316 505 4383 ramuloso,
535 4316 605 4370 loliis
632 4317 766 4371 latioribus
792 4317 958 4371 solidioribus
987 4318 1092 4372 densius
1118 4319 1195 4373 textis
1222 4319 1256 4372 ad
1286 4319 1393 4384 aonios
1416 4329 1529 4370 excavat·

362 4403 485 4472 hyalinis,
511 4401 616 4458 floribus
634 4405 735 4458 didicis.
