3386 5376
613 391 804 448 Grimmineecc.
1241 387 1307 452 Μ

127 571 199 651 rplce
229 568 373 649 evanida,
405 571 520 651 apicem
552 588 660 634 versus
684 568 769 632 valdo
800 567 1055 651 chlorophptloaa,
1086 568 1152 633 basi
1180 569 1308 650 hyalino.

125 675 219 739 llores
243 675 372 738 monoici
395 681 426 738 et
449 675 560 754 dicici3
589 673 755 740 antheridie
786 673 951 757 majuscula
982 673 1188 756 peraplrpsata.
1232 673 1308 758 Cep·

124 779 179 842 sola
202 779 259 842 alte
282 778 475 861 pedicellnta,
506 779 620 860 ovalis,
644 779 791 861 oblongo,
824 778 902 841 collo
926 777 1169 862 subaequilonpo
1191 785 1307 842 tumes·

123 891 201 948 cente
216 881 446 964 mellisonum,
469 885 566 946 minus
582 883 724 946 distincte
748 881 863 958 striata,
887 881 998 946 annulo
1014 882 1108 964 nullo,
1131 884 1307 965 peristomio

122 989 237 1072 simplici
259 988 308 1050 vel
331 988 441 1071 duplici
464 987 732 1052 ortlrotriclroideo.
777 986 965 1052 Truncicola.

122 1113 264 1192 prodon
288 1118 318 1172 ct
342 1111 609 1194 Gpmnooepleolos
633 1109 798 1175 Scawneon.

121 1215 309 1296 Ampdidiom
331 1223 394 1292 (ex.
418 1220 461 1298 p.)
483 1215 571 1281 Nscs.

121 1321 219 1401 Gopeo
238 1328 303 1397 (ex.
326 1325 369 1402 p.)
394 1318 497 1384 Reddi.

119 1425 262 1505 prodon
285 1423 366 1490 Baro.
411 1423 461 1489 Bn.
487 1430 519 1486 et
542 1423 606 1488 Sca.
651 1422 784 1485 Wrnsos.
832 1421 956 1486 ummo.

390 1633 468 1697 Sect.
493 1633 518 1695 l.
565 1632 844 1695 Peristomiom
865 1632 1021 1695 nullom.

489 1790 513 1858 l.
544 1787 687 1870 tygodor
711 1785 920 1854 ulrldlsslnns.

464 1945 559 2016 Bryum
577 1947 652 1998 virid.
671 1943 757 1997 Drcnrs.
777 1943 851 1998 Fasc.
871 1956 953 2014 crypt.

195 2085 334 2164 Uiolens,
349 2086 566 2169 vpulvinulatus
590 2088 638 2150 vel
670 2086 910 2170 caespitulosus,
942 2087 1021 2150 laete
1044 2088 1158 2152 viridis.
1205 2087 1306 2152 Caulis

117 2207 199 2269 parce
222 2207 364 2254 ramosus
388 2191 453 2254 basi
478 2190 620 2254 radiculis
644 2191 716 2254 rusrs
741 2191 877 2254 obrutus.
916 2192 996 2254 Folia
1019 2191 1138 2255 humida
1161 2209 1307 2256 recurvo·
1364 2241 1367 2248 .

116 2309 286 2373 squarrosa,
311 2297 391 2358 sicca
415 2298 673 2360 erecto-incurva
703 2296 800 2358 rarius
825 2296 1021 2378 subtorquate
1051 2297 1167 2378 apicem
1197 2313 1306 2358 versus

117 2398 285 2480 complicata
309 2445 319 2478 ,
343 2400 669 2484 oblongo-lanceolata,
694 2401 871 2480 aeurninata,
894 2401 1010 2484 apicem
1025 2418 1133 2464 versus
1156 2401 1306 2482 profunde

116 2511 143 2564 et
163 2513 293 2588 anguste
316 2507 450 2568 carimate
480 2507 535 2569 alis
560 2525 577 2568 e
610 2504 709 2568 medio
733 2507 893 2586 expensis,
924 2513 1008 2570 costa
1025 2503 1195 2587 pellucida3
1225 2506 1306 2588 peri·

116 2607 267 2672 chnetinlia
285 2611 340 2672 tria
357 2628 461 2691 porum
479 2630 494 2672 a
511 2611 637 2672 caulinis
654 2610 787 2689 diversa,
812 2616 924 2672 erecto.
957 2608 1094 2691 Calpptrn
1111 2609 1307 2691 longirostrn‚

117 2711 209 2794 inpone
240 2713 371 2795 Capsulo
394 2715 425 2776 in
447 2713 596 2798 pedicello
620 2713 809 2796 longiusculo
825 2713 934 2796 pallido
951 2714 1156 2776 exsiccatione
1173 2731 1305 2795 superne

116 2818 319 2882 sinistrorsum
343 2825 423 2882 torto
447 2818 550 2899 ovalis,
576 2817 716 2902 oblonga,
740 2818 818 2880 collo
841 2818 982 2880 breviora
1005 2819 1119 2880 sensim
1144 2818 1307 2899 defluente,

117 2921 190 2983 sicca
212 2929 332 2986 costato
354 2939 409 2985 ore
433 2929 597 2984 contracta.
637 2921 818 3003 0perculum
843 2921 1084 2987 subulirostrum.
1115 2920 1214 3006 Bryol.
1240 2940 1305 2986 eur.

115 3023 155 3104 lll‚
178 3027 210 3090 Τ.
227 3025 303 3090 206.

115 3147 226 3230 Bryant
241 3150 473 3227 viridissimum,
497 3149 628 3230 capsulis
645 3149 756 3210 erectis
773 3149 880 3226 oratis,
905 3148 1040 3210 caulibus
1063 3148 1203 3228 ramosis,
1228 3147 1306 3210 loliis

238 3253 473 3316 confertissimis
490 3252 814 3336 oblongo-lanceolatis
826 3253 922 3314 acutis
935 3251 1182 3334 rolleno-patulis.
1207 3250 1306 3318 orcas.

241 3357 326 3419 Fasc.
351 3355 397 3419 lV.
444 3355 484 3418 Pl.
507 3364 602 3438 crypt.
628 3375 654 3436 p.
671 3351 701 3434 9,
727 3363 746 3419 t.
767 3355 814 3418 10.

117 3461 271 3540 Gymnost.
295 3461 515 3523 viridissimum
540 3461 625 3522 Sarra
649 3460 677 3520 in
701 3459 787 3544 Engl.
811 3458 843 3521 B.
883 3459 975 3522 lloorr.
999 3468 1031 3522 et
1053 3461 1136 3524 Turn.
1176 3462 1305 3524 Scnwon.

116 3567 267 3648 prodom
290 3567 497 3630 viridissimas
526 3563 605 3626 Baro.
630 3563 728 3646 Bryol.
760 3566 839 3628 univ.
884 3563 935 3626 Bn.
965 3573 995 3627 ct
1024 3567 1087 3629 Scrr.
1111 3565 1210 3650 Bryol.
1242 3585 1306 3630 eur.

242 3669 274 3732 C.
299 3669 386 3733 liuto.
411 3671 483 3750 Syn.
530 3669 652 3732 Wrcsos
675 3668 772 3750 Bryol.
797 3667 868 3732 Brit.
913 3669 1021 3732 llnnra.
1047 3670 1096 3734 Slr.
1120 3671 1162 3735 Fl.
1186 3671 1223 3734 ed
1249 3667 1278 3736 6.

197 3792 302 3856 flabit.
326 3793 355 3853 in
379 3790 521 3853 arborum
545 3792 659 3852 truncis
682 3807 751 3852 raro
775 3793 805 3852 in
827 3790 952 3872 rupibus
968 3790 1115 3855 calcaneis
1137 3811 1193 3874 per
1214 3799 1306 3856 totam

117 3891 177 3956 lere
193 3895 354 3977 Europam,
379 3897 408 3958 in
433 3893 620 3958 meridionali
644 3903 673 3956 et
689 3894 867 3958 occidentali
890 3897 1024 3977 saepius,
1046 3895 1076 3957 in
1093 3895 1190 3959 media
1213 3900 1306 3960 raris·
1386 3879 1396 3904 '¹

117 3998 188 4060 sime
212 3999 412 4063 fructificans:
437 3999 532 4062 semel
556 4001 585 4061 in
604 4007 710 4077 trunco
726 4001 864 4073 Quercus
882 4007 1018 4064 vetustae
1042 4019 1136 4084 prope
1153 4001 1325 4086 Offweiler‘

117 4101 246 4168 Alsatiae
276 4105 365 4168 infer.
397 4104 585 4167 fructiferum
619 4104 698 4189 legi,
729 4104 851 4187 copiose
883 4106 912 4166 in
936 4103 1028 4168 Gallie
1058 4104 1246 4170 meridionali
1277 4115 1307 4171 et

118 4207 503 4274 meridionali-occidentali
526 4227 620 4292 prope
644 4211 721 4288 Pon,
746 4207 905 4290 Boyonne,
931 4211 960 4271 in
976 4208 1095 4273 Batauia
1117 4229 1211 4293 prope
1228 4211 1306 4295 Lug·

118 4309 224 4375 dunum
240 4311 339 4377 Batav.
362 4313 397 4376 nd
422 4313 515 4378 l'iline
538 4321 627 4395 atque
645 4313 746 4395 Populi
770 4321 910 4390 truncos3
933 4333 988 4396 per
1004 4314 1192 4378 Armorienm
1216 4322 1306 4397 atqua

118 4414 284 4480 Ncuatriam
308 4417 384 4480 laud
409 4437 480 4482 raro
507 4419 613 4482 fertilis
641 4419 789 4500 provenit.
841 4419 897 4480 Vix
924 4437 1014 4500 supra
1044 4419 1200 4502 regionem
1225 4439 1305 4482 cem·

118 4529 247 4600 pestrem
272 4522 417 4588 escendit.
