3104 5368
505 385 645 454 brpaecae.
1114 379 1176 452 m

69 563 191 618 Plantrrrrn
209 563 292 616 caulis
310 562 470 630 longitudine
489 561 570 616 vadat
593 561 659 614 inter
682 559 874 617 semiuncirlem
899 570 925 614 et
949 561 1091 626 unciolam,
1118 579 1176 616 raro

26 653 49 702 t·
62 665 82 706 ct
96 653 226 706 trinncialis
245 651 369 722 provenit.
407 649 560 719 Plerumque
579 647 726 718 pulvinulos
751 647 971 716 benniapbaerieos
993 648 1175 706 relidiurculor

25 741 104 792 clermat
120 739 198 790 colore
216 737 404 808 glauco-viridi
429 738 552 804 insignes.

267 1011 272 1021 .
334 939 409 1002 oen.
432 935 462 1000 4.
507 932 819 1000 annuarummn.

393 1075 468 1128 Brea.
487 1086 514 1128 et
532 1075 586 1126 Sca.
606 1072 693 1142 Brpol.
711 1090 766 1127 cor.

80 1201 187 1264 Plantm
208 1199 276 1264 laxe
299 1199 540 1281 caespitnlosae,
564 1195 722 1279 parvulae,
745 1196 892 1276 tenellae,
916 1215 935 1258 e
958 1196 1023 1260 basi
1046 1197 1174 1262 decum-

25 1312 83 1366 nnte
102 1303 315 1378 ascendentes,
346 1303 404 1366 sub
427 1303 513 1385 apice
536 1301 627 1364 lertili
649 1299 1027 1367 verticillato-rumulosae
1050 1309 1175 1385 totoque

25 1409 93 1470 obitu
113 1411 308 1474 Philonotalr's
330 1409 454 1473 similes.
498 1405 578 1470 Folia
602 1406 863 1487 erecto-patentia
885 1413 917 1468 et
938 1406 1088 1488 secunda,
1111 1407 1174 1470 lan*-

25 1515 117 1592 solata,
144 1513 341 1593 denticulata,
372 1509 481 1594 pallide
513 1508 658 1586 nitidula,
689 1509 905 1591 subpapillosa‚
937 1511 1005 1574 laxe
1027 1512 1172 1592 areolata,

24 1619 99 1680 areolis
120 1618 300 1700 rectangnlis
324 1624 355 1680 et
368 1614 741 1697 hexagono-reclamatis,
765 1621 848 1677 eosta
865 1614 921 1676 sub
936 1615 1021 1695 apice
1037 1617 1173 1680 evanida.

24 1719 93 1784 iores
121 1721 300 1784 bisexunles.
346 1719 473 1800 capsula
507 1713 833 1800 globoso-ppriiormis
870 1715 1050 1799 brericolia,
1085 1715 1173 1800 'pedi-

24 1823 70 1886 ello
104 1832 221 1888 arcuato
259 1825 421 1900 instructa,
458 1820 662 1903 leptoderma,
695 1821 848 1884 laxissime
881 1823 1030 1902 areolam,
1063 1824 1171 1903 mollis,

24 1927 109 2008 nilida,
130 1931 268 2008 estriata,
292 1925 454 2008 spornngio
478 1925 571 1989 multo
593 1926 725 2003 minore,
757 1927 902 2008 operculo
925 1927 1048 1991 minimo
1071 1929 1172 2008 plano·

24 2049 128 2097 cavero.
170 2036 285 2116 Speras
307 2049 446 2113 magnae,
470 2029 661 2113 granulosac.
705 2029 854 2094 llabitatio
878 2033 1044 2096 terrestris.

77 2139 194 2219 Species
217 2135 380 2202 nonnullae
403 2141 493 2200 notae
516 2141 605 2214 sunt,
633 2151 761 2216 quarum
782 2153 842 2200 una
862 2135 1001 2218 Europae
1022 2135 1129 2201 incola.

383 2349 605 2418 bubonibuta
629 2349 766 2418 witsant.

387 2489 461 2542 sm.
483 2501 510 2543 ct
527 2489 582 2542 sn.
600 2487 687 2558 anot.
707 2505 762 2544 aar.

73 2613 143 2678 Folia
165 2612 377 2692 subsecundo,
408 2614 516 2678 modia.
562 2611 710 2695 capsulae
732 2630 788 2695 pro
817 2625 901 2676 more
931 2615 1102 2696 complures
1133 2633 1172 2677 ex

23 2715 90 2778 oden
110 2719 312 2799 periebaetio‚
343 2717 552 2795 mollissimae,
584 2719 615 2780 in
637 2714 792 2798 pedicellis
815 2716 945 2780 arcuatis
968 2735 1102 2782 cernuae
1124 2718 1172 2780 vel

23 2823 138 2887 emissae.
181 2823 285 2904 Bryol.
308 2841 374 2885 eur.
397 2822 446 2902 Ν,
471 2822 542 2886 Tab.
559 2819 632 2884 327.

23 2941 218 3026 lyptocorpo?
242 2964 359 3008 canae
381 2944 473 3006 Wns.
496 2942 527 3006 in
550 2941 671 3006 iiooma
692 2941 799 3005 lourn.
822 2941 863 3004 ol.
885 2942 949 3008 Bot.
975 2938 1069 3005 1841.

23 3039 159 3110 beroem
187 3049 317 3112 Wilsoei
338 3047 371 3110 C.
395 3047 510 3111 librum
534 3048 662 3130 Spnops.

72 3167 164 3233 dabit.
187 3169 218 3232 in
250 3175 333 3232 terra
362 3165 487 3232 humosa
516 3187 555 3230 m.
579 3167 702 3232 Cannar
724 3167 790 3231 Hill
814 3165 976 3231 Hiberniae
1004 3166 1056 3230 ubi
1085 3169 1169 3231 amic.

23 3263 102 3333 lason
123 3271 246 3338 Octobri
274 3271 357 3336 1829
380 3273 511 3352 detexit,
543 3270 573 3332 in
596 3288 635 3332 m.
659 3271 743 3334 Crem
765 3269 894 3352 chlton
920 3285 1014 3351 prope
1037 3269 1170 3332 Hortari

23 3369 211 3440 lntrcmttiac
234 3383 314 3458 sept
338 3375 426 3455 (Rev.
444 3376 476 3438 T.
494 3375 638 3454 Suasa),
661 3373 692 3436 in
716 3393 755 3436 m.
771 3375 847 3436 Glcn
863 3373 942 3436 Dola
963 3371 1015 3447 (Α.
1032 3372 1168 3451 Caeam),

23 3473 207 3544 leocloooltr'lu
230 3498 326 3563 prope
349 3479 501 3544 Kenmere
522 3477 685 3541 Hiberniae
708 3477 774 3546 (Dr.
798 3477 932 3570 'l'arnpnt
1110 3481 1113 3491 '

71 3583 160 3650 l'ract.
183 3593 296 3649 mutar.
319 3583 454 3647 Octobri.

60 3701 159 3758 llantnla
177 3706 297 3772 nitidula,
317 3707 452 3770 rarimima‚
476 3705 608 3773 lineasque
626 3703 710 3757 colom
722 3701 748 3756 io
760 3701 906 3757 Britanniae
918 3703 1007 3756 inaniis
1024 3701 1168 3756 observata.

368 3911 442 3975 Gen.
466 3911 496 3974 5.
542 3907 776 3972 admoueris,

436 4067 507 4122 Bnro.
526 4065 614 4135 Brpol.
632 4067 702 4120 univ.

75 4201 156 4269 dauci
171 4226 250 4272 nune
266 4207 396 4272 humiles
411 4207 476 4273 basi
494 4205 722 4283 decumbentes,
738 4223 818 4268 nnnc
834 4202 904 4267 elati
919 4205 1014 4268 erecti
1026 4205 1167 4286 speciosi,

23 4303 73 4378 llte
92 4307 213 4375 florifero
236 4311 430 4376 verticillato-
453 4310 501 4374 vel
524 4309 875 4386 iascieulate-ramulosi,
907 4315 1060 4374 caeterum
1083 4310 1168 4372 innc-

23 4405 145 4474 ottonibus
165 4415 274 4480 binatis
298 4414 467 4478 dichotome
485 4415 605 4489 ramosi,
629 4412 769 4476 radiculis
786 4411 884 4476 dense
900 4413 1036 4494 implexis
1052 4419 1166 4474 tomen-

23 4509 63 4567 tti·
100 4515 170 4580 lolia
191 4521 221 4582 in
243 4528 310 4585 toto
332 4519 418 4582 caule
441 4517 650 4600 subaequalia,
682 4535 737 4600 pro
765 4517 932 4599 plantarum
961 4514 1166 4598 magnitudine
