3106 5370
484 373 627 441 bryacouc.
1088 365 1151 428 Μ

314 547 444 632 Subgen.
471 547 497 614 1.
545 547 789 613 Gladodium.

55 671 215 734 Peristomii
253 670 364 733 interni
401 669 468 732 cilia
508 677 538 732 et
573 687 737 752 processus
780 668 920 732 dontibus
957 665 1151 732 adhaerentia

16 775 213 856 ipsiostomum
245 773 350 849 Hono.)
383 773 432 835 vol
458 773 570 853 libera,
606 773 683 836 ciliis
711 773 895 856 imperfectis
925 771 973 835 vel
1007 771 1150 854 perlectis

17 879 232 962 appendiculatis
256 879 453 958 (Clcdodinm
474 877 578 954 Batoi

16 1079 45 1132 ct.
65 1072 86 1134 l.
129 1073 303 1154 Capraria
324 1071 560 1154 tocptccttc,
589 1072 730 1135 leniter·
750 1074 938 1154 incurva,
962 1073 1111 1154 mollia,
1135 1092 1152 1136 c

374 1177 473 1242 lateo
493 1177 735 1257 ferrugineo.

345 1306 376 1358 A,
412 1303 762 1358 intercutaneum.

388 1421 411 1487 t.
440 1420 546 1503 ltryom
569 1419 721 1487 arcticum.

295 1605 300 1614 ⁴
368 1541 457 1596 l'oblia
475 1545 570 1597 arctico
587 1545 617 1596 li.
637 1541 741 1597 Bnovvr.

48 1648 295 1731 Caespitnlosum.
341 1649 421 1713 Folia
444 1649 589 1713 interiora
612 1647 899 1712 ovato-lanceolata
931 1649 1089 1730 superiora
1114 1667 1153 1710 ex

16 1751 86 1834 longo
117 1755 309 1834 acuminata,
347 1763 432 1818 costa
466 1753 636 1816 excedente
668 1754 802 1817 breviter
835 1755 977 1831 cristata,
1016 1751 1152 1834 margine

16 1855 92 1918 voluto
114 1857 206 1920 limbo
231 1857 408 1939 ferrugineo
431 1858 641 1921 circumcincta
674 1856 735 1940 ipsa
760 1864 858 1920 aetate
881 1857 1030 1919 rubentia.
1078 1855 1153 1939 Gap-

16 1960 169 2040 apendula
202 1961 521 2044 clavato-pyriiormis
551 1962 664 2024 leniter
694 1961 832 2040 incurva,
865 1960 974 2044 pallido
1007 1961 1155 2027 ocbracea

16 2065 158 2128 ambello.
207 2065 391 2148 Operculum
414 2064 566 2148 parvulum
590 2064 649 2126 alte
674 2063 872 2128 mamillatum.
912 2065 1049 2128 llnnulns
1066 2066 1154 2129 latus.

16 2167 162 2232 ristomium
188 2188 328 2254 parvum,
352 2171 504 2234 internum
527 2177 656 2233 externo
679 2169 856 2235 adhaerens.
894 2169 992 2253 Eryci.
1017 2185 1082 2234 eur.
1105 2169 1154 2252 lV,

16 2271 32 2336 l.
46 2271 111 2338 335.

16 2377 65 2441 itio
79 2385 201 2444 arctico
227 2379 305 2443 loliis
320 2380 465 2444 viridibus
481 2381 760 2444 ovato-lanceolatis
775 2381 951 2445 acuminatis
968 2381 1153 2464 marginibus
1255 2445 1260 2456 ,

84 2486 295 2569 integerrimis
318 2487 466 2566 recurvis,
490 2485 623 2568 capsulis
650 2483 978 2570 pyrilormi-oblongis,
1011 2485 1155 2568 operculo

85 2591 351 2674 hemisphricum,
390 2590 513 2653 lloribns
557 2589 819 2672 bernrapbrorlitis.
872 2589 943 2652 llos.
977 2589 1085 2652 Baonn
1122 2591 1153 2653 in

83 2694 204 2759 Prnav's
229 2713 346 2780 voyage
368 2695 512 2768 (Meloilte
534 2693 610 2766 Iol).
656 2693 680 2756 E
704 2695 870 2777 specimine
893 2695 1041 2758 auctoris!

16 2797 163 2863 bnassau.
189 2800 292 2882 Suppl.
317 2795 370 2874 lll,
395 2808 415 2861 t.
438 2798 511 2865 272.

16 2905 225 2986 maynopsiom
249 2907 400 2968 ornacum
422 2902 502 2966 Bam.
524 2902 624 2985 Brvol.
648 2905 728 2978 univ,

16 3008 319 3084 panorcticnrnbn.
343 2989 622 3072 evacuarem.
655 3009 687 3073 0.
705 3008 793 3072 lituu.
817 3009 886 3090 Syn.
918 3007 1027 3070 lisura.
1043 3007 1094 3072 sk.
1110 3009 1153 3071 Fl.

47 3129 143 3192 liubit.
177 3129 217 3194 ad
252 3135 365 3192 terrum
396 3128 551 3192 humosam
585 3134 616 3191 et
643 3130 675 3190 in
706 3130 825 3212 rupium
858 3129 975 3192 fissuris
1007 3129 1152 3192 humidis:

16 3231 88 3294 ribus
119 3235 198 3298 locis
230 3251 413 3297 summarum
442 3232 597 3296 Helvetiae
620 3233 740 3316 Alpium
771 3233 943 3313 observavi,
977 3251 1025 3295 ex.
1053 3251 1099 3316 gr.
1122 3235 1154 3296 in

16 3351 72 3398 nmo
92 3340 266 3418 Foollrorvt,
290 3340 322 3401 in
345 3357 382 3400 m.
406 3338 527 3416 Albula,
551 3339 581 3400 in
605 3339 760 3400 cacumine
784 3356 821 3401 m.
846 3339 1020 3402 Oiasseroa
1035 3337 1153 3402 Jnrassi
1286 3361 1293 3372 ·

16 3439 119 3506 iamic.
149 3444 346 3517 Lusouaaaux
376 3442 489 3524 primus
518 3441 647 3520 invenit,
680 3441 879 3523 pulcherrime
907 3451 938 3505 et
966 3443 1089 3524 copiose
1118 3444 1150 3506 in

26 3545 220 3630 Douresjeld3
259 3565 298 3610 ex
328 3547 395 3630 Alp.
424 3546 572 3610 bavaricis
601 3554 632 3610 et
661 3547 880 3632 salisburgens.
913 3565 970 3610 am.
1004 3549 1154 3610 Sunommn

16 3647 54 3728 rit,
76 3671 91 3712 e
117 3654 250 3716 Sneciae
272 3653 401 3734 regione
424 3651 587 3730 interiore,
619 3659 758 3714 monnau
787 3659 818 3714 et
847 3652 944 3734 alpina
974 3652 1043 3716 clrr.
1066 3651 1151 3714 Linu-

16 3769 49 3832 ιι,
76 3775 168 3840 prope
191 3758 372 3838 Lidlrbpinq
394 3757 515 3834 lectum,
538 3757 674 3820 Hartman
706 3775 801 3838 prope
830 3756 979 3819 Gevaliam
1009 3758 1092 3819 etin
1116 3777 1152 3822 ιιι.

16 3861 170 3943 irulopen,
195 3863 364 3926 Avosmbm
388 3878 481 3942 prope
503 3854 654 3942 Ulebbory
670 3862 779 3924 lectum
796 3863 950 3928 miserunt.
979 3860 1154 3941 ECanmia,

16 3957 168 4030 labradore
192 3973 228 4030 et
249 3985 268 4029 c
291 3965 492 4029 Groenlandia
516 3965 621 4028 habco.

344 4142 372 4208 t.
401 4142 507 4223 ltryun
530 4153 761 4222 purpurasccns.
897 4093 899 4098 Ι

348 4280 438 4334 ΡιιΙιΙὶι
455 4297 643 4350 purpurasccns
662 4281 693 4333 li.
713 4281 758 4333 Bm

52 4399 141 4466 Planta
161 4405 385 4488 gracilescens,
410 4405 533 4467 ramulis
555 4405 704 4488 elongatis
728 4405 784 4467 sub
807 4405 892 4486 apice
916 4403 1152 4488 egredientibus.

16 4499 47 4562 lia
72 4515 174 4572 ovato·
208 4515 242 4572 et
275 4509 604 4594 oblongo-lanceolata
635 4509 771 4572 breviter
801 4509 965 4592 spiculata,
995 4509 1152 4592 angustius
