3238 5352
417 469 422 481 ,
562 407 737 464 maresa
1194 405 1243 462 nr

66 580 171 644 mnan
191 580 354 651 mittere
375 601 436 647 nec
456 581 657 648 admissorum
679 581 874 666 grtmlomm
895 587 1047 664 rupturam
1062 597 1243 664 proniores·

69 683 216 746 ruerent«
261 684 329 748 Non
352 687 385 749 ia
407 686 546 749 omnibus
567 694 667 750 tamen
695 686 856 768 speciebus
877 684 1061 767 pampiyses
1084 685 1242 767 reperiun-

73 795 113 850 tu
131 794 158 848 et
177 787 354 872 pierarnme
376 790 408 852 in
430 790 569 854 femineis
591 790 716 854 floribus
739 789 831 853 multo
853 792 950 853 minus
972 790 1115 871 copiosae
1137 807 1242 852 occum-

74 899 130 952 ιιι
147 909 230 973 quum
252 893 284 956 in
306 895 449 959 masculis
471 901 561 977 atquo
583 895 805 973 hisexualibus3
828 892 946 975 plantae
969 893 1035 956 ioca
1057 894 1137 956 sioca
1158 893 1241 956 baui-

77 1003 155 1058 tmtes
175 1015 243 1060 raro
265 998 313 1060 eis
336 1006 461 1078 carent,
492 1005 594 1061 torrae
623 997 761 1065 humidae
792 998 840 1061 vel
862 1015 957 1080 aquae
980 997 1097 1062 incolae
1119 996 1241 1079 saepius

74 1099 111 1162 iis
128 1101 241 1185 organis
263 1102 427 1167 dostitmm
449 1103 650 1186 reperiuntur.
1146 1107 1151 1121 '

442 1293 470 1354 i.
487 1293 516 1346 ι
541 1295 590 1346 De
606 1293 685 1346 flore
702 1291 851 1345 mumulo.
965 1299 968 1308 ·

144 1413 205 1476 iios
228 1412 381 1475 masculus
403 1413 452 1474 uel
474 1413 637 1476 terminalis
661 1412 709 1476 vei
733 1412 862 1476 axillaris
878 1420 935 1474 est.
969 1411 1158 1496 Perigonium
1179 1419 1239 1474 ter·

71 1516 163 1580 minue
192 1518 292 1579 varias
316 1515 412 1579 induit
434 1518 563 1596 formas,
598 1517 721 1581 exiliare
749 1523 855 1580 oontm
885 1533 1087 1600 gemmaceam
1119 1533 1240 1598 sempor

74 1621 158 1683 reiert
197 1619 264 1683 Non
287 1621 374 1702 pacm
397 1629 549 1684 caeterum
572 1627 643 1683 sunt
665 1620 760 1682 musci
782 1635 909 1702 quorum
929 1635 1042 1702 organa
1057 1620 1188 1684 mascula
1211 1620 1241 1682 in

78 1725 152 1786 ιιιίιίι
179 1724 320 1788 ictiorum
361 1725 520 1788 comaiium
559 1725 750 1808 perigpnium
789 1724 972 1807 cingentium
1012 1723 1108 1804 nuda,
1151 1731 1241 1806 atque

75 1827 270 1891 imminuam
293 1829 474 1910 peculiarem
496 1829 684 1912 hypogpnam
707 1829 864 1908 sistentia,
895 1827 1119 1910 conspiciuntur
1148 1828 1242 1903 (We-

71 1932 140 2011 iern,
161 1934 279 2011 Poiiin,
304 1931 563 2010 Ortiodontium).

142 2037 287 2122 Perigonii
312 2037 478 2100 terminalis
501 2037 613 2100 icrmae
629 2037 779 2119 principes
795 2036 928 2118 quinque
947 2042 1032 2098 sunt:
1055 2053 1240 2116 pernmnceo,

68 2143 198 2220 capituto,
221 2141 471 2222 capituiisomie,
494 2141 653 2204 dinooiden
675 2147 706 2203 ct
728 2141 902 2204 amiciciam.

139 2243 327 2330 Perigonium
349 2245 557 2326 pemnrisornte
579 2263 597 2307 c
620 2242 699 2307 ioiiis
723 2237 862 2323 minutis,
883 2261 940 2326 pro
958 2261 1041 2306 more
1057 2243 1182 2306 caulinis
1197 2245 1240 2306 ta·

66 2349 123 2410 rim
144 2351 232 2413 textis
254 2351 286 2412 in
309 2349 487 2434 gemmulam
519 2348 751 2412 crassiuscumm
778 2347 941 2411 imbricatis
964 2355 1055 2429 atquc
1076 2348 1240 2410 connivere·
1282 2333 1284 2340 ’

66 2453 131 2515 tius
152 2453 305 2518 sumatur.

138 2559 313 2639 Cupitum
333 2556 444 2620 dietim
463 2555 651 2638 perigonium
673 2573 740 2618 curn
764 2554 833 2618 iulia
856 2571 911 2617 sua
933 2555 972 2617 ita
994 2561 1182 2637 convergunt
1205 2561 1238 2616 ut

65 2659 295 2743 miminerioum
325 2661 472 2723 efficiatur
500 2661 644 2742 apiceque
675 2659 867 2740 subapertum
897 2664 1070 2738 rennanaat3
1099 2655 1240 2739 genitalia

65 2761 173 2846 injmce
195 2765 279 2828 floris
304 2764 552 2827 numerosissime
575 2779 647 2826 esse
669 2763 777 2826 soient.

137 2869 327 2954 Perigonium
350 2869 592 2950 capituiismane,
621 2866 926 2947 capitationem,
951 2865 981 2928 in
1002 2865 1095 2928 caulis
1118 2863 1239 2946 proton-

62 2973 168 3054 grtione
189 2973 308 3055 aphplln
329 2989 401 3034 seso
424 2972 569 3054 exsurgit.
615 2971 697 3033 Folio
723 2970 918 3054 perigonielia
950 2976 1116 3033 externae
1140 2968 1239 3032 neoto

61 3085 264 3156 temerantur,
293 3077 435 3161 genitalia
459 3075 555 3138 minus
579 3077 700 3156 copiose
723 3075 863 3155 quanin
894 3072 1103 3156 praecedente.
1118 3071 1238 3152 namne,

62 3182 232 3265 pumpipsas
256 3183 371 3262 apicem
394 3197 503 3243 uersus
525 3160 740 3242 incrassantur.
778 3177 908 3241 Medium
930 3184 1015 3240 tenet
1036 3176 1238 3258 pscapitatum

65 3287 127 3349 'nter
145 3296 180 3351 et
202 3286 403 3350 discoidourn.
440 3284 599 3366 Spiccirso
620 3283 745 3366 hujusce
762 3282 875 3345 formae
890 3281 1026 3362 exempla
1041 3269 1239 3360 pulcherrima

66 3391 198 3466 muana

130 3493 327 3578 Perigoninm
350 3493 540 3556 discoirieum
556 3491 731 3558 nominatur
746 3507 812 3553 cum
830 3489 898 3552 iotis
914 3504 968 3550 sua
984 3487 1109 3550 mulinis
1125 3488 1238 3569 majora

64 3615 135 3681 supra
156 3601 248 3663 oasin
271 3597 360 3661 valde
382 3605 554 3662 excavatum
577 3604 608 3659 ct
629 3597 813 3658 imbricatim
836 3594 936 3656 subito
959 3591 1146 3656 horizontem
1169 3607 1238 3652 rer·

60 3721 102 3764 ms
120 3709 343 3782 marmiun,
367 3703 407 3764 ita
429 3709 462 3764 ut
483 3701 623 3786 genitalia
645 3699 777 3762 mascula
799 3697 1046 3760 numerosissima
1069 3697 1099 3756 in
1122 3695 1238 3758 discum

60 3808 179 3871 ordinate
201 3807 340 3889 conspici
361 3805 487 3889 possint.
531 3803 716 3867 Antheridiis
745 3808 835 3883 atque
865 3799 1079 3884 panephysibus
1107 3799 1237 3880 pierum-

61 3929 108 3992 que
134 3911 261 3978 cirratis
290 3910 391 3974 iotiola
424 3909 535 3971 minuta
573 3907 795 3972 bmcteiiormia
826 3905 996 3968 intermixta
1032 3905 1237 3986 reperiuntur.

60 4011 185 4098 Exemph
206 4013 361 4098 perigonii
383 4011 530 4075 disooiiei
551 4011 583 4074 in
605 4029 695 4096 genn.
719 4011 819 4092 Brpo,
850 4009 952 4090 ilario,
984 4009 1140 4073 Piiionoti
1160 4025 1188 4072 e.
1210 4026 1237 4072 o.

62 4126 188 4196 mama

132 4221 324 4305 Perigonium
347 4221 543 4284 moioiaiem
564 4217 637 4282 iilud
658 4218 809 4282 nominavi
829 4217 1034 4297 involucrum,
1056 4218 1143 4300 cujus
1166 4215 1237 4279 ioiia

69 4321 88 4382 ἰ
104 4325 228 4390 muniam
243 4323 445 4410 polypiyiiam
466 4330 612 4408 congesta
634 4323 729 4385 torma
750 4329 840 4404 atque
861 4321 964 4386 ociore
986 4319 1144 4384 aceniinis
1159 4318 1237 4383 nien

69 4425 212 4514 hugum,
234 4437 270 4494 ut
289 4427 464 4512 petaioideo
479 4425 623 4490 nominari
637 4427 817 4508 potuissent.
853 4425 934 4489 Folia
955 4423 1031 4488 mec
1053 4423 1090 4486 ab
1109 4429 1237 4486 externo

75 4529 253 4600 internum
276 4529 486 4618 magnitudine
510 4532 713 4613 diminuentis,
744 4531 834 4614 inmte
857 4532 922 4596 suis
953 4529 1049 4597 mittis
1070 4525 1236 4596 motorium
