3144 5366
505 424 713 477 Andreaeecese.
1142 413 1206 476 M
1320 469 1321 474 ,

32 601 124 681 mollia,
146 603 227 684 apice
249 597 509 683 hyalino-tintus
531 597 644 661 leniter
667 595 767 678 erosa,
791 599 849 662 reti
871 598 994 663 basilari
1009 599 1061 663 illo
1079 617 1204 681 praeca-

29 704 114 768 dentis
136 707 318 790 angustiore.
362 703 582 766 Pericbaetium
603 702 744 786 longum,
777 701 1020 784 cylindracaum,
1055 701 1133 765 loliis
1158 703 1204 765 in-

28 809 170 873 terioribus
191 809 366 890 imbricatis,
392 807 601 890 superioribus
625 806 794 870 convolutis
817 805 967 892 elongatis
986 807 1102 870 obtusis
1119 807 1203 891 apice

25 915 183 998 plerumque
214 914 373 997 putredine
405 913 548 976 corrosis.
595 910 721 992 Capsule
756 909 833 974 eollo
869 909 1010 975 distincto
1046 913 1204 992 instructa,

24 1019 54 1082 ad
76 1019 112 1103 is,
134 1019 304 1085 dehiscens.
349 1018 449 1100 Bryol.
473 1035 537 1080 eur.
561 1015 609 1098 Vl,
633 1016 705 1080 Tab.
722 1013 795 1079 630.

22 1143 104 1208 Andr.
126 1143 288 1208 Hortmcui
311 1145 340 1218 β.
364 1142 494 1222 praeitis
517 1140 716 1204 Zumasmor
739 1137 876 1224 Monogr.
899 1137 953 1218 (l).

94 1266 194 1329 liubit.
227 1264 264 1329 ad
298 1263 412 1327 rivulos
443 1270 473 1325 et
506 1263 536 1324 in
567 1261 641 1344 ipsis
674 1261 780 1326 rivulis
813 1281 831 1325 e
866 1263 934 1326 niue
968 1261 1201 1326 decurrentibus

20 1387 186 1432 summarum
211 1369 296 1452 Alpp.
321 1369 517 1450 Doureffield,
548 1366 599 1429 ubi
618 1361 659 1431 'ad
691 1369 879 1432 Soeclrdttuo
901 1385 969 1433 cum
993 1367 1199 1449 praecedente
1246 1439 1252 1450 g

17 1476 181 1539 associatam
205 1473 275 1557 legi.

90 1582 194 1644 Ferret.
216 1585 327 1642 matur.
351 1581 479 1640 aestate.

73 1701 163 1754 Didicit
180 1719 195 1755 ι
213 1700 386 1770 praecedente
405 1708 501 1752 statura
519 1698 666 1766 humiliore,
686 1698 760 1750 caule
779 1699 876 1766 solido,
896 1697 965 1752 loliis
983 1699 1148 1756 brevioribus
1165 1702 1199 1753 ad

14 1786 82 1840 latere
106 1791 189 1842 miuus
213 1789 349 1856 repandis,
374 1788 451 1840 dorsu
478 1785 582 1855 papillis
606 1787 777 1854 perbrevibus
800 1785 918 1854 obtecto,
948 1785 1052 1842 lloribus
1077 1787 1197 1841 masculis

13 1873 164 1944 longioribus
181 1874 354 1944 tetrupbpllia,
368 1875 517 1927 antberidiis
532 1873 720 1944 angustioribus
733 1873 835 1942 lougius
849 1874 1018 1944 pedicelletis,
1037 1875 1197 1944 pericbeetio

11 1961 122 2032 elongato
140 1966 293 2034 sagittante,
313 1961 426 2030 „capsula
446 1961 514 2014 collo
532 1961 694 2030 longiusculo
713 1963 843 2016 instructu.
882 1961 990 2015 Fructus
1009 1963 1198 2018 numerosiores

9 2060 57 2102 sunt
74 2069 150 2121 quam
170 2052 197 2103 in
216 2051 326 2104 caeteris
344 2049 448 2117 generis
467 2048 614 2116 speciebus.

385 2225 413 2291 tt.
444 2224 601 2291 ludreaea
622 2221 809 2304 spusrruu

445 2363 618 2418 Zurrnusrsrrr
636 2363 750 2434 llonogr.

82 2485 250 2570 Caespituli
273 2487 442 2568 lariusculi,
460 2487 576 2567 molles,
593 2487 686 2550 dilule
703 2486 828 2551 olivaoei
845 2487 981 2552 siccitate
998 2487 1195 2572 nigricanles.

4 2589 96 2655 Caulis
119 2592 265 2676 gracilis,
301 2592 643 2675 fastigiata-ramosus,
677 2609 764 2676 quam
789 2591 915 2656 maxime
944 2592 1070 2674 fragilis.
1115 2591 1196 2655 Folia

1 2693 114 2774 dissita,
151 2695 272 2759 humida
296 2713 313 2758 e
336 2697 401 2760 basi
424 2703 528 2776 erecta
549 2696 648 2778 patula
672 2697 756 2779 apice
780 2696 979 2774 subincurva,
1016 2695 1097 2759 sicca
1126 2696 1195 2760 laxe

2 2797 202 2864 incumbentia
225 2797 417 2864 subsecundo
439 2801 563 2883 apiculis
587 2801 720 2864 secunda
744 2799 928 2880 sublalcata,
953 2799 1086 2884 fragilia,
1111 2800 1195 2863 elon-

1 2905 251 2985 gato-lanceolata
274 2905 386 2968 sensim
410 2907 588 2985 acuminata,
612 2904 812 2986 acutiuscula,
836 2902 929 2968 dorso
953 2906 1116 2988 conspicue
1139 2903 1194 2966 sed

2 3006 127 3072 breviter
152 3009 315 3092 pupillosa,
349 3007 558 3072 reticulatioue
581 3009 617 3074 A.
638 3010 842 3092 petroplrilce.
887 3010 993 3074 liores
1017 3009 1141 3072 masculi
1163 3009 1193 3070 in

1 3113 102 3177 eodem
127 3114 247 3179 ramulo
271 3114 462 3196 complures,
495 3113 679 3196 tetrapbplli,
715 3114 890 3177 autberidiis
915 3111 933 3177 3
958 3119 989 3176 et
1010 3110 1030 3176 4
1054 3114 1193 3196 oblongis

1 3214 109 3302 longius
136 3217 341 3301 pedioellatis‚
365 3215 584 3300 parapbpsibus
609 3217 698 3280 nullis
722 3219 770 3280 vel
793 3216 909 3281 duabus
932 3220 1068 3282 tribusve
1093 3219 1194 3301 longis

1 3323 241 3388 allesceutibus.
288 3321 507 3386 Pericbaetium
531 3323 715 3407 elongatum,
734 3322 941 3406 cylindricum,
968 3321 1047 3387 loliis
1063 3324 1204 3387 internis

0 3427 141 3512 longatis
167 3428 561 3510 cylindraeeocouvolutis,
584 3425 670 3491 ualde
693 3427 855 3511 pupillosis.
887 3427 1013 3492 Fructus
1036 3430 1073 3492 A.
1088 3439 1192 3512 petro·

0 3531 98 3598 bilae.
148 3531 221 3597 loon
246 3533 336 3596 nulla.

16 3657 85 3719 ndr.
111 3657 303 3738 sparsisolr'o
327 3653 526 3720 anrcusraur
549 3605 685 3740 lllouogr.
703 3654 797 3719 Andr.
814 3675 842 3741 p.
860 3653 947 3738 32‚e
970 3659 1093 3740 specim.
1114 3667 1191 3722 auct.

71 3778 186 3841 liubit.
217 3777 247 3839 in
279 3775 405 3860 Alpibus
437 3776 613 3841 editissimis
647 3777 818 3863 Noraegiae
850 3779 985 3862 mediae,
1020 3799 1099 3846 rara.
1143 3781 1190 3845 Ad

0 3885 61 3943 tus
86 3881 219 3944 boreale
244 3900 281 3946 m.
306 3881 453 3944 lluodene
468 3881 498 3946 in
521 3882 626 3946 rivulis
649 3901 688 3946 ex
710 3883 780 3952 nive
803 3883 963 3968 liquefacta
987 3887 1073 3966 ortis,
1096 3903 1191 3970 prope

4 3985 69 4049 ‘ves
106 3993 253 4050 aeternas
284 4003 343 4049 unu
376 4003 443 4048 cum
483 3991 518 4051 Α.
548 3987 713 4052 Hartmuui
750 3994 781 4052 et
818 3989 954 4054 otooata
992 3989 1191 4056 anuasrnnr

1 4091 113 4153 etexit.

68 4197 184 4258 Fruet.
208 4202 320 4258 matur.
345 4197 479 4259 aestatis.

53 4315 170 4370 llabitos
190 4316 327 4384 peculiaris
346 4317 385 4368 illi
405 4317 489 4370 Andr.
509 4319 612 4370 nivalia
638 4319 706 4372 baud
732 4319 863 4372 dissimilis
886 4323 960 4388 cujus
989 4323 1076 4377 colore
1102 4324 1188 4392 planta

1 4414 67 4456 ·stra
90 4403 199 4474 gurrdet.
237 4403 370 4456 Distatub
391 4401 418 4454 Α,
441 4405 594 4469 persepulta
613 4405 682 4458 loliis
700 4401 888 4476 remossoribus,
907 4409 1076 4476 longioribus,
1095 4428 1187 4479 augrus-

3 4491 108 4553 ·ribns,
139 4491 221 4558 magis
241 4491 377 4556 concavis,
396 4490 547 4543 humiditate
566 4495 724 4561 squurrosis,
743 4493 848 4547 bravius
867 4497 1009 4564 papilionis,
1029 4499 1187 4564 perirlructiu

9 4580 100 4646 ·giore
123 4579 283 4654 angustiore.
