3106 5370
519 357 659 427 llrpaceae.
1123 356 1185 420 tlt

22 545 77 612 rte,
98 537 126 597 in
148 535 291 598 Hibernia
315 553 407 618 prope
429 533 612 616 Eboracum,
634 536 666 598 in
690 535 827 600 Sardinia
849 537 898 600 Fa.
922 537 1036 602 sstem
1060 533 1185 618 (1826),

22 659 38 700 o
57 639 141 704 Gellia
163 639 352 703 meridionali
373 657 465 723 prope
489 640 557 702 Poe
579 639 627 714 (ll.
644 639 777 720 Seneca),
800 641 831 704 in
850 641 964 706 ditione
979 641 1185 727 burdigalensi

22 745 77 806 laud
97 763 162 808 rara
184 744 333 820 (Duatas).

84 850 182 914 raet
205 855 318 912 meter.
342 848 463 928 Martio,
486 847 592 929 Aprili.

69 970 191 1023 bidente
216 971 253 1022 W.
272 985 371 1022 mma
394 971 435 1022 cui
457 969 628 1038 magnitudine
653 977 679 1023 et
707 969 794 1024 babitu
818 972 944 1040 proxima,
976 971 1046 1027 loliis
1070 974 1184 1040 minatis,

21 1057 78 1108 mtto
94 1057 236 1124 latioribus,
248 1056 436 1126 rulo-limbatis,
449 1057 565 1126 integris,
578 1055 659 1109 lexim
671 1057 756 1125 textis,
769 1060 917 1126 peristomio
929 1061 1019 1112 minori
1033 1059 1185 1112 latescente.

69 1145 174 1198 llubium
199 1155 240 1198 est
263 1163 294 1198 an
313 1143 418 1198 Bridelii
442 1145 491 1197 ttr.
510 1146 666 1197 metuendos
690 1154 717 1198 nt
740 1157 829 1200 auctor
852 1149 907 1215 ipse
931 1151 1031 1216 opinet,
1059 1149 1090 1200 ad
1119 1150 1184 1200 benc

20 1233 157 1286 nlereudam
184 1233 219 1287 sit
241 1234 354 1302 speciem
380 1249 411 1285 aa
435 1233 465 1285 ad
488 1233 692 1302 praecedentem.
729 1233 872 1287 Peristomii
899 1236 990 1288 dentes
1013 1251 1141 1305 nunqnam
1159 1237 1185 1286 in

20 1317 106 1372 retorem
123 1322 275 1390 spadiceum
293 1329 431 1390 vergentes
448 1321 515 1387 vidi,
539 1327 623 1372 aetate
642 1329 729 1372 centra
747 1321 929 1389 pallescentes.

405 1495 450 1565 ld.
479 1494 608 1564 Webera
628 1493 772 1564 albicans.

325 1635 418 1690 binium
436 1636 550 1690 albicans
567 1637 701 1690 wrmm.
718 1636 758 1689 et.
777 1637 845 1707 lspp.

82 1759 240 1844 caespites
264 1759 370 1823 melles
393 1779 411 1822 e
434 1761 715 1843 glauco-albicante
745 1759 867 1826 virides.
914 1759 1014 1822 Caelis
1046 1757 1183 1842 simplex,

18 1865 111 1927 nexior
133 1873 271 1945 erectus,
296 1865 414 1949 longior
432 1884 448 1927 e
465 1863 666 1930 decumbente
689 1867 753 1929 basi
776 1865 960 1943 ascendens,
983 1864 1119 1926 rubellus
1136 1863 1185 1926 vel

18 1973 256 2052 troporpureus.
301 1969 383 2032 Folia
406 1969 550 2032 inferiora
572 1977 659 2033 ovata
682 1977 713 2033 et
734 1970 983 2052 ovato-oblonga
1006 1969 1183 2048 acuminata,

17 2076 146 2154 operiere
170 2073 517 2158 elongato-lanceolata,
552 2075 636 2155 apice
666 2081 799 2153 serrata,
832 2093 940 2157 opaca,
975 2073 1185 2154 subpruinosa.

17 2179 90 2240 ’lanta
113 2178 248 2240 mascula
272 2179 399 2260 simplex
420 2177 468 2240 vel
496 2178 553 2240 sub
585 2179 670 2260 apice
701 2177 834 2242 florifero
865 2177 1185 2253 fasciculam-ramosa,

17 2283 74 2346 loris
102 2283 252 2346 discoidei
282 2281 350 2345 lolia
386 2282 583 2366 perigenialia
615 2284 680 2346 basi
712 2292 854 2348 excavata
887 2283 1012 2345 rebella.
1058 2279 1184 2362 capsula

16 2389 128 2452 ncliriata
160 2387 212 2451 vel
247 2389 392 2469 pendula,
431 2387 521 2470 longe
552 2387 749 2470 pediccllata,
787 2385 934 2472 pedicello
964 2386 1029 2448 basi
1062 2385 1184 2467 saepius

16 2493 160 2572 geniculato
183 2490 313 2571 rabello,
338 2492 619 2574 brevi-pyriiermis,
643 2494 721 2556 collo
744 2491 904 2571 tumiduio,
935 2507 1032 2572 usque
1056 2488 1092 2552 ad
1115 2505 1184 2571 per·

16 2597 98 2659 ictam
121 2597 324 2660 maturitatem
350 2595 454 2659 viridis
478 2595 758 2679 glauco-pruinosa,
782 2597 903 2660 tandem
926 2595 1138 2659 croceo-lusca
1154 2599 1186 2654 et

15 2719 136 2778 nonnos,
160 2699 377 2785 pacbyderma,
402 2667 510 2779 mollis,
534 2702 613 2764 sicca
637 2701 848 2784 deoperculata
873 2723 890 2764 c
914 2701 992 2764 collo
1023 2708 1185 2784 angustato

15 2807 183 2888 tubglobosa,
208 2812 356 2870 truncata.
401 2804 569 2868 Peristomii
598 2805 706 2868 dentes
736 2809 872 2870 aurantii.
920 2807 1018 2888 Bryol.
1048 2823 1112 2869 eur.
1137 2805 1184 2883 lV,

15 2909 61 2974 tab.
77 2909 147 2977 354.
608 2985 615 3008 .

15 3029 104 3094 llnium
128 3034 292 3096 albicans.-
313 3029 442 3094 surculis
459 3031 711 3114 simpliciusculis,
736 3032 815 3095 loliis
831 3031 1073 3116 oblongo-eratis
1090 3029 1185 3093 acutis

117 3137 312 3202 subcrenatis
333 3135 516 3218 patentibus,
540 3135 671 3217 capsulis
695 3137 828 3200 coelibus
850 3136 999 3219 pendulis.
1032 3135 1183 3196 Wneuana.

120 3242 160 3304 Fl.
186 3241 265 3322 lapp.
288 3259 315 3322 p.
338 3235 411 3304 353.

15 3339 105 3424 drpam
127 3347 272 3408 albicans
294 3344 374 3407 Raro.
397 3343 447 3406 Br.
470 3345 550 3408 univ.
597 3345 628 3411 G.
652 3344 767 3408 Μϋιιιιι
791 3345 860 3426 Syn.

15 3445 49 3508 dr.
78 3450 303 3530 ll'altlenbcrpii
325 3449 491 3512 Scuwaeea.
516 3447 614 3531 Suppl.
631 3449 654 3529 1,
673 3450 701 3512 P.
717 3448 751 3514 11.
795 3447 845 3510 Ba.
861 3457 891 3511 et
910 3449 972 3511 Sca.
995 3444 1094 3527 dryel.
1120 3463 1184 3509 eur.

120 3549 259 3617 lissima
282 3553 391 3618 Slrand.
415 3553 493 3618 Flor.
538 3551 657 3616 Wresen
680 3552 779 3636 Brpol.
801 3552 871 3615 Brit.

15 3653 121 3722 ll'eberc
143 3659 288 3722 albicans
311 3657 421 3721 somn.
446 3656 555 3720 Coroll.

15 3759 62 3823 lar.
77 3767 95 3838 ,d
120 3763 276 3846 ploca'alt's.
321 3761 442 3825 Plantae
465 3763 562 3825 elatae
586 3761 616 3824 ln
638 3762 788 3843 caespites
806 3778 941 3844 magnos,
969 3764 1184 3835 tumescentes,

119 3867 331 3948 mollissimos,
368 3866 567 3949 pulcherrime
601 3865 848 3950 glauco-virides
887 3871 1067 3948 congestae,
1108 3861 1185 3924 loliis

121 3972 296 4053 latioribus,
321 3973 472 4052 concavis,
496 3971 526 4034 ln
549 3973 639 4034 ramis
671 3970 737 4033 laxe
768 3971 945 4048 imbricatis,
980 3967 1184 4030 exsiccatione

121 4061 378 4155 luscescentibus,
403 4076 522 4158 capsula
545 4076 573 4138 in
593 4073 741 4157 pediccllo
762 4075 901 4156 longiore
925 4071 989 4135 basi
1012 4069 1185 4156 geniculato

123 4180 279 4258 inclinata,
303 4181 417 4264 majori.
461 4178 559 4262 bryol.
582 4198 648 4241 eur.
671 4179 689 4241 l.
715 4199 741 4242 c.

15 4279 108 4364 drpem
128 4285 264 4368 glaciale
285 4285 456 4348 &exerceas
479 4283 509 4346 in
532 4282 634 4346 sebed.

82 4407 180 4470 linbit.
208 4414 240 4469 ut
262 4406 300 4470 cl.
325 4407 521 4468 Waaraaeeaa
545 4407 657 4487 optime
693 4404 781 4480 dicit,
816 4404 865 4466 ubi
893 4420 968 4483 aqua
992 4399 1110 4462 lentma
1133 4416 1188 4479 per

15 4511 104 4571 terram
124 4509 258 4575 sterilem
282 4510 451 4594 glareosum
492 4509 614 4589 dilituit,
648 4527 665 4570 e
695 4508 822 4594 regione
852 4505 1012 4590 campestri
1042 4504 1092 4566 ubi
1117 4521 1188 4564 raro
