3080 5370
465 361 657 420 tirimmiaceae.
1097 357 1159 420 198

28 537 75 598 int
89 536 217 618 princepe
239 537 285 600 Dr
306 535 414 604 Nufar.
439 539 567 620 specim.
592 537 621 600 d.
644 535 726 600 rora.
749 537 818 601 nat·
834 536 886 605 Νι.
913 536 940 600 i.
986 537 1019 600 G.
1043 539 1159 602 iitrnnn

108 639 223 722 Syncps.

21 739 80 804 int
97 743 204 808 neuere
223 744 277 808 Ba.
300 753 332 808 et
354 745 418 810 San.
440 745 542 826 Bryoi.
559 764 623 811 eur.
647 747 761 822 (Part.)
785 745 876 810 Wne.
900 747 998 828 Bryni.
1022 747 1094 817 Brit.

72 864 155 928 natu
178 867 214 931 ad
238 867 380 930 arborum
402 875 527 930 truncos
551 876 582 931 et
609 867 640 930 in
668 869 791 950 rupibus
822 886 917 930 zonae
951 868 1157 931 meridionalis

19 979 74 1052 atqua
93 975 211 1038 Sentice:
244 975 277 1037 in
300 973 435 1038 Sardinia
467 973 791 1036 aeternandum
822 991 901 1036 anno
932 970 1014 1038 1826
1045 974 1159 1056 primus

18 1071 70 1156 ipit,
88 1075 111 1137 in
125 1076 215 1139 Sicilia
231 1077 406 1157 (Bansauo),
429 1078 460 1140 in
476 1077 532 1139 ins.
550 1078 683 1141 Corsica
697 1077 850 1157 (hanina,
870 1077 988 1156 Fauen),
1011 1079 1043 1140 in
1058 1076 1159 1142 italiae

18 1179 84 1242 nerii.
110 1181 308 1260 promontorio
338 1183 388 1244 dci
418 1181 566 1263 Geryone
589 1181 824 1260 (Rannnnoasr),
854 1183 973 1262 ipsein
998 1181 1158 1264 Hispaniae

18 1283 169 1348 reddendis
190 1288 301 1350 Sica-rc
323 1287 454 1350 Ncnada
482 1288 563 1348 inter
586 1287 704 1367 Gabina
727 1288 765 1350 de
795 1287 826 1350 tc
848 1287 957 1350 Sicana
985 1292 1016 1348 et
1039 1285 1159 1366 Gordia

18 1380 73 1448 ieta
94 1389 195 1454 Vitare
217 1390 256 1454 ad
286 1409 380 1474 rupes
412 1391 507 1454 dense
535 1391 733 1472 caespitosam
766 1390 843 1474 legi3
872 1391 902 1452 in
926 1390 1026 1453 Scotia
1048 1388 1160 1466 (Daun-

19 1497 78 1564 nnt.
113 1493 329 1559 Eraricribus.

69 1597 155 1660 Fruar.
176 1609 287 1664 matur.
312 1607 439 1665 aestate.

56 1715 177 1786 Caeapituru
194 1723 343 1776 densiorum
366 1720 439 1774 color
456 1737 489 1774 ex
506 1720 626 1774 oiivacec
644 1721 796 1786 aurescens,
816 1719 958 1788 plantarum
978 1719 1077 1774 tolietic
1096 1721 1158 1774 den·

21 1796 49 1861 h,
62 1804 159 1860 tatianum
177 1809 272 1877 turma,
293 1809 367 1864 coicr
384 1809 525 1876 olivaceua,
545 1817 616 1862 coste
634 1807 735 1862 rubeiia
752 1819 829 1878 atque
849 1805 917 1875 pilus
935 1809 1017 1864 minua
1036 1809 1158 1874 hirsutus,

22 1883 59 1942 bea
72 1891 213 1964 hiaeruniee,
232 1897 341 1966 capsula
359 1897 474 1966 longior,
492 1897 640 1966 angustior,
658 1906 777 1964 arcuata,
794 1894 908 1962 speciem
928 1893 1034 1961 pulchre
1053 1912 1069 1949 a
1085 1911 1159 1964 prac-

24 1975 83 2029 mata
99 1981 254 2054 tntmgauut

423 2159 695 2170 0———1--a—2—-a

447 2309 571 2394 tritus
599 2308 667 2396 tlt.

346 2467 785 2546 GRIMMIAOEAE.

68 2618 145 2686 ttusct
166 2627 334 2712 acrccarpi,
357 2629 514 2694 rarissime
530 2629 708 2714 cladccarpi,
732 2629 789 2692 sub
806 2630 890 2714 apice
913 2627 1050 2694 florifero
1073 2629 1159 2691 inno-

20 2729 81 2782 unes
99 2727 172 2791 unde
194 2731 368 2796 innovando
395 2733 603 2814 dichotomae,
633 2734 698 2798 basi
727 2741 830 2796 totove
859 2733 944 2796 caule
974 2732 1158 2796 radicantes.

19 2815 62 2884 iilia
80 2828 275 2917 pluriseriata,
308 2853 417 2920 opaca,
441 2841 500 2901 reti
531 2838 816 2921 parenchymatoso,
846 2837 966 2900 interne
998 2835 1158 2921 hexagono

19 2925 41 2986 cl
51 2928 141 3014 lineari,
157 2939 271 3020 apicem
288 2957 397 3004 versus
414 2945 527 3007 minuto
543 2941 882 3028 hexagono-rotundato
897 2942 946 3004 vel
967 2942 1159 3024 punctiiormi

19 3027 65 3092 tide
82 3037 321 3124 cilorcphyllosc.
375 3045 479 3110 nores
509 3048 745 3132 gemmiiormes.
792 3047 921 3129 capsula
953 3048 983 3109 in
1011 3044 1159 3132 pedicellc

19 3143 65 3196 teto
81 3142 119 3205 vel
132 3155 251 3211 manate
267 3157 372 3212 erecta
394 3151 572 3235 plerumque
595 3152 740 3235 aequalis.
772 3152 911 3234 Gaiyptra
935 3149 1158 3230 mitraeiormis,

20 3243 114 3318 ‘iiiluna
135 3268 171 3314 ex
192 3261 278 3334 parte
295 3255 344 3316 vei
366 3261 457 3318 totam
479 3256 654 3337 includens,
679 3258 779 3320 rarius
802 3255 1037 3336 cucuiiiiormis,
1060 3254 1156 3318 laevis

20 3339 230 3431 riutandans
246 3377 320 3422 raro
331 3359 435 3440 pilosa.
459 3360 669 3425 Peristomium
685 3362 842 3424 rarissime
854 3359 1009 3439 deficiens,
1028 3358 1156 3442 simplex

18 3443 144 3538 dtaptex,
164 3459 306 3526 dentibus
323 3464 460 3547 ciliisque
477 3467 583 3550 planis.
629 3468 743 3549 Sporae
768 3463 918 3528 minimae.

376 3795 734 3872 cthntnonntnn.

354 3945 524 4015 napaeaeeae
556 3947 644 4018 napea.
676 3965 764 4018 susp.

69 4055 145 4126 ituci
163 4069 291 4150 aquatici
316 4041 468 4152 speciosi,
500 4074 651 4154 caespites
680 4072 842 4136 latissimos
865 4071 1072 4136 atro-virides
1096 4071 1156 4134 ior-

14 4156 105 4242 hntas,
126 4167 323 4253 fasciculato-,
355 4191 425 4237 raro
449 4174 618 4239 dichotome
641 4179 768 4256 ramosi,
797 4176 862 4241 basi
884 4175 1025 4240 radiculis
1055 4173 1155 4253 adfixi,

14 4262 123 4371 {titium
141 4271 230 4338 libere
253 4277 449 4344 fluctuantes.
486 4279 568 4343 Folia
591 4280 753 4361 plurifaria,
778 4282 919 4363 patentia,
943 4281 1050 4361 solida,
1073 4297 1157 4344 cras-

14 4367 123 4453 maan,
149 4381 300 4447 eceliulie
333 4384 611 4465 parenciymntosis
639 4387 755 4470 apicem
785 4404 893 4450 versus
925 4387 1047 4448 minutis
1069 4384 1157 4448 valde

16 4459 207 4619 iilisttthyliosis
228 4487 405 4568 efformata,
430 4489 527 4554 valide
551 4497 685 4572 castata,
709 4489 801 4554 dorso
823 4489 1156 4574 depresso-papillam.

71 4593 158 4642 naam,
175 4597 290 4653 mn„
968 4593 1000 4648 1³
