3238 5352
398 381 474 438 urar
913 347 1080 448 permutem.

400 560 514 626 nivales
545 562 706 643 praecipue
734 567 805 624 sunl
833 559 1051 624 Conoatomom
1082 561 1222 640 boreale,
1256 560 1372 622 Maium
1402 556 1565 630 (Acincum

398 667 563 746 torpidum,
586 666 775 747 Splucbnom
796 666 992 728 reticulatam
1014 665 1157 739 (Diarod.
1180 665 1347 742 Froeiicb.)
1370 662 1509 726 Androoo
1527 660 1565 720 ol·

396 769 473 850 pino
489 770 682 850 (petropbito
703 788 784 846 oon,
807 769 958 848 oboootu,
982 767 1163 849 llurtmoni,
1188 770 1296 850 ulpino
1318 768 1428 845 ileum,
1450 765 1565 836 ninom).

397 872 493 934 llusci
516 872 711 956 insigniores,
735 873 777 938 uti
800 873 966 956 pleraeque
988 873 1128 953 Weiaa'oe,
1144 874 1313 954 Spbrcban,
1333 872 1565 936 Cinclidiunetc.

396 976 427 1038 in
456 975 531 1040 loeis
562 976 716 1058 paludosis
751 977 965 1060 snbsylvaticis
998 978 1181 1042 detinentur.
1227 979 1310 1053 Quae
1340 979 1371 1040 in
1401 984 1478 1039 terra
1506 971 1566 1036 nuda

395 1080 538 1164 argillosa
561 1081 640 1164 apud
663 1100 719 1146 nos
744 1100 887 1146 crescere
911 1083 1011 1146 solent
1035 1084 1254 1164 Gymnostomo
1278 1084 1428 1163 (Pottioc,
1446 1081 1566 1161 Pbpsco-

396 1187 528 1264 mitriu),
551 1185 684 1266 Phorco,
703 1188 859 1267 l'ortalcc,
883 1187 912 1250 in
935 1186 1086 1269 lapponia
1103 1188 1226 1252 omnino
1242 1186 1465 1252 desiderantur.
1496 1185 1568 1268 lgitu

396 1290 508 1352 muscis
533 1307 593 1354 non
616 1289 775 1354 admodum
799 1291 880 1354 lavet
902 1291 1071 1373 lapponia3
1095 1291 1231 1373 inprimis
1255 1309 1316 1356 noa
1339 1291 1446 1374 alpina.

431 1481 464 1546 ll.
496 1481 613 1546 Florula
636 1481 758 1565 Alpium
781 1483 965 1564 Doorefjeld
985 1481 1157 1566 Narvegiac
1180 1482 1293 1548 altitud.
1317 1477 1544 1548 sobo-dsunt

808 1603 842 1666 (A
862 1619 901 1657 me
920 1605 976 1672 ipso
995 1603 1153 1666 observata.)
1166 1605 1180 1631 ³

480 1709 565 1774 llons
588 1709 706 1790 alpinus
730 1709 914 1791 Dooresjeld
938 1707 1151 1772 denominatus
1181 1709 1261 1772 inter
1291 1726 1398 1772 omnes
1421 1703 1570 1788 Norregiac

391 1813 487 1894 Alpes
510 1813 666 1876 maximam
694 1813 821 1894 praebet
843 1811 1034 1895 superficiem
1059 1821 1149 1896 atque
1173 1814 1328 1877 maximam
1344 1813 1375 1876 in
1392 1809 1570 1897 vegetationis

391 1917 492 1982 indole
515 1917 725 1998 variationem,
751 1935 808 1999 qua
831 1918 870 1980 de
896 1935 986 1980 causa
1009 1917 1085 1980 baud
1104 1919 1210 1980 mirum
1227 1918 1369 2000 estquod
1388 1919 1480 1980 multo
1496 1915 1584 1995 major¹

394 2039 565 2084 muscetum
589 2021 676 2104 copia
700 2019 869 2084 inveniatur
892 2039 979 2102 quam
1003 2023 1032 2084 in
1064 2022 1127 2086 ullo
1154 2023 1213 2086 alio
1243 2029 1340 2085 tractu
1371 2023 1480 2104 alpino.
1521 2017 1571 2079 Nou

390 2126 487 2190 solum
511 2127 540 2188 tn
563 2143 601 2188 eo
626 2125 720 2188 musci
744 2126 880 2210 regionis
904 2125 1080 2208 subalpinae
1104 2135 1135 2192 ct
1158 2127 1276 2210 alpinae
1300 2127 1354 2190 sed
1372 2127 1463 2189 etiam
1480 2141 1584 2220 supra-4

390 2232 507 2314 alpinae
530 2237 561 2294 et
583 2231 713 2295 arcticac
737 2229 952 2312 frigidissimae
975 2240 1152 2312 occurrunt,
1169 2249 1230 2296 non
1246 2233 1342 2294 solum
1360 2232 1458 2294 musci
1474 2223 1584 2318 terres-3

394 2345 457 2400 tres
474 2343 505 2398 et
527 2334 683 2414 saxatiles,
707 2335 764 2398 sed
781 2335 870 2397 etiam
886 2335 1033 2418 paludosi,
1058 2337 1185 2400 turlacei
1201 2344 1291 2419 atque
1308 2337 1449 2419 aquatici.
1483 2337 1571 2397 smm

392 2458 495 2521 equo
519 2457 627 2523 magna
650 2438 726 2502 baec
749 2439 844 2502 moles
868 2441 1025 2522 consistit,
1060 2443 1109 2506 cui
1142 2443 1303 2526 giganteus
1333 2441 1518 2504 Sneebc'ttton
1546 2431 1572 2496 ad

391 2543 499 2626 pedem
524 2543 589 2607 iere
613 2559 711 2624 usque
735 2543 803 2606 nive
827 2551 951 2607 aeterna
975 2547 1100 2610 obrutus
1124 2546 1285 2625 incumbit,
1320 2545 1357 2608 ad
1383 2535 1584 2626 formationem]

390 2667 479 2732 quam
504 2647 718 2712 Gneissaceam
742 2656 851 2712 vocant
873 2649 1013 2730 pertinet.
1046 2651 1172 2732 Species
1190 2669 1265 2733 quas
1282 2649 1396 2732 ipsein
1419 2648 1478 2713 boc
1494 2641 1584 2710 tmcrut

388 2759 506 2820 aestate
544 2748 627 2816 istd
664 2752 775 2833 reperi'
803 2751 853 2816 rel
891 2770 966 2835 quas
1004 2753 1115 2818 ibidem
1155 2755 1292 2818 Batanici
1328 2753 1395 2834 alii,
1435 2761 1468 2816 ut
1504 2751 1574 2814 clan.

388 2857 499 2936 Baarr,
535 2855 700 2934 Lrunaaoa,
725 2855 815 2934 Kana,
840 2856 872 2920 C.
896 2865 927 2920 et
949 2857 982 2921 ll.
1008 2859 1144 2922 Harma
1168 2859 1429 2940 observaverunt,
1461 2871 1574 2938 sequen·

388 2969 437 3026 les
461 2967 545 3024 sunt:

389 3066 636 3149 Gymnostomum
658 3071 815 3146 rupestre,
1017 3067 1178 3132 llicranum
1203 3066 1376 3148 Schraderi,
1403 3085 1482 3150 cop,

479 3169 482 3174 ’
517 3169 713 3232 curvirostrc.
1149 3175 1255 3256 majus.

388 3273 503 3338 Weisia
525 3271 716 3348 (libabdow.)
739 3273 841 3356 lupar,
1017 3275 1129 3340 Arctoa
1152 3275 1352 3360 hyperborea,
1376 3295 1450 3356 ran,

741 3377 857 3457 schini,
1149 3381 1267 3444 iulvella
1290 3385 1346 3444 sat.
1371 3398 1439 3462 cop.

519 3479 701 3556 (lluweiaia)
725 3482 865 3564 crispula.
1016 3484 1211 3568 Angstrbmia
1236 3483 1386 3569 longipes,
1410 3503 1471 3549 rar.

387 3585 631 3670 Auocctangium
656 3593 850 3668 compactum.
1016 3587 1218 3652 'lrematodon
1242 3588 1429 3670 brevicellis,
1453 3609 1511 3654 rar.

389 3689 610 3774 cynodontium
634 3689 859 3773 gracilescens,
883 3709 961 3773 cop,
1016 3690 1132 3757 Blindia
1156 3700 1241 3757 acuta
1265 3711 1328 3757 aar.
1352 3695 1456 3775 pomil.
1583 3713 1584 3772 3

519 3811 579 3858 var.
604 3795 799 3872 curvisetum,
1017 3797 1199 3878 Anacalypta
1222 3797 1346 3861 latifolia
1370 3816 1434 3862 aar.
1458 3797 1527 3880 pilii.
1583 3775 1584 3824 ¹

516 3916 577 3962 var.
602 3897 747 3980 alpestre,
854 3905 860 3919 ’
1016 3899 1221 3966 Desmatoduu
1236 3900 1341 3965 latilol.
1363 3921 1428 3966 rar.
1445 3897 1576 3986 glacialis,

520 4001 635 4081 virens,
659 4001 799 4083 copiose,
1146 4003 1302 4087 austaldus,

518 4123 582 4168 var.
609 4104 765 4168 llomanni.
1147 4108 1291 4189 Laureri,
1321 4127 1381 4174 rar.

387 4209 550 4275 chranum
577 4207 764 4292 elongatum,
788 4207 924 4290 copiose,
1148 4212 1300 4295 obliquus,
1324 4219 1387 4280 rar?

392 4314 552 4378 biennum
577 4319 758 4396 congestum
776 4330 839 4376 rar.
863 4311 964 4394 cirrb,
1018 4312 1206 4397 Didymodon
1229 4318 1376 4384 rubellas.

395 4425 581 4438 una—...-

464 4471 477 4494 ⁸
517 4425 744 4534 virtsnovretjett
763 4469 788 4522 ia
808 4467 954 4534 llorwepen
974 4469 1000 4522 iu
1019 4469 1198 4540 botaniatim,
1223 4475 1374 4542 centuplicia
1393 4469 1577 4542 brpolopiarbrr

389 4555 539 4626 Beziabuap
552 4571 577 4608 ν.
591 4555 630 4606 W.
647 4555 672 4606 P.
685 4555 805 4608 δειιιηι
823 4556 849 4606 ln
867 4553 943 4608 Flora
962 4557 1003 4610 od.
1022 4557 1124 4626 allgem.
1145 4558 1194 4612 bot
1208 4559 1273 4614 Zeis.
1292 4563 1366 4630 teta,
1386 4577 1410 4632 p.
1432 4553 1575 4614 llil-¹28·
