3140 5372
493 386 654 456 llypnsceae.

395 561 594 645 ltstpsyrtnm
616 549 734 642 repens.

380 699 561 772 Pterigynansl.
579 717 673 769 repens
692 699 764 754 Baro.

74 820 221 904 caespites
243 821 321 886 laete
345 823 392 886 val
415 841 527 888 aureo·
552 831 584 886 et
605 823 836 903 fusco-virides,
860 825 959 886 nitore
980 825 1100 896 sericeo
1123 827 1168 889 in-

23 925 96 1008 ignea.
136 926 220 990 Folia
243 934 346 990 ovato·
370 935 401 992 at
423 927 754 1010 oblongo-lanceolata,
784 935 887 1008 acuta,
920 946 1065 1009 concava,
1091 949 1167 994 mar·

23 1029 60 1090 inc
85 1047 224 1110 recurva,
257 1031 461 1115 integerrima.
508 1032 634 1115 capsula
666 1032 917 1116 ovato-oblonga
948 1033 1098 1116 regularis
1121 1038 1169 1099 vel

23 1132 169 1214 plinlraeea
193 1143 224 1198 et
246 1133 357 1199 leniter
386 1145 523 1218 arcuata,
559 1157 577 1202 e
608 1139 690 1203 luteo
722 1136 899 1202 luscescene
930 1137 1050 1202 demum
1072 1138 1169 1217 badia,

23 1239 123 1318 porculo
151 1241 212 1304 alte
242 1247 273 1304 ct
304 1251 434 1324 anguste
472 1243 579 1306 conice
616 1242 814 1306 subrostrato.
860 1243 1028 1307 Peristomii
1060 1243 1168 1308 dentes

23 1344 106 1511 mulii
127 1346 187 1409 tote
209 1343 472 1428 hyalino-limbati,
503 1365 666 1429 processus
690 1347 878 1412 concolores.
922 1346 1021 1450 [pp-pot
1044 1366 1109 1412 eur.
1133 1350 1168 1428 V,

23 1447 58 1508 rb.
94 1447 141 1514 58.

23 1573 94 1654 scrip.
114 1593 224 1656 repens
245 1574 331 1638 cotue
354 1573 502 1657 depresso
524 1591 656 1655 ramoso,
679 1575 771 1638 ramis
794 1574 938 1638 contestis
955 1576 1067 1640 erectis
1090 1583 1169 1638 tere-

108 1677 188 1740 tibus
209 1678 393 1760 simplicibus
409 1679 655 1762 compositisque,
679 1679 759 1742 loliis
775 1678 870 1742 dense
887 1679 1050 1744 imbricatis
1066 1688 1169 1744 ovato·

107 1783 282 1847 lanceolatis
298 1785 500 1865 eubencrviis,
522 1784 784 1866 pericbaetialibus
799 1785 910 1867 parvis,
926 1783 1032 1848 thecae
1047 1792 1169 1850 erectae

107 1889 251 1969 operculo
273 1889 380 1955 conico
402 1889 534 1972 obliquo.
564 1889 645 1953 Ram.
663 1888 751 1954 bant.
768 1888 860 1955 blusc.
877 1896 908 1952 et
922 1889 1022 1972 Brpol
1037 1891 1118 1954 unia.
1133 1889 1168 1972 ll,

108 2010 135 2073 p.
163 1989 234 2058 183.

23 2097 198 2176 terepoos'asm
219 2117 330 2179 repens
353 2097 519 2164 Scnwauon.
543 2097 643 2180 Suppl.
658 2097 680 2160 1.
724 2098 865 2163 Neclsero
885 2120 949 2183 rep.
965 2098 1006 2166 id.'
1020 2099 1173 2184 Suppl.lIl

109 2207 139 2264 ct
162 2200 195 2266 C.
219 2201 334 2266 librum
357 2201 485 2285 Synops.

23 2303 248 2386 rptolrpmcna‘srm
269 2325 380 2388 repens
402 2307 499 2370 llsrsm
521 2307 653 2371 Linnoea
676 2307 732 2372 vol.
756 2306 807 2374 20.
844 2307 981 2373 llsnmnn
1004 2309 1113 2377 Skand.
1129 2310 1172 2374 Fl.

23 2411 162 2472 maraon
183 2430 296 2492 repens
316 2409 362 2472 Dc
384 2409 494 2475 Norae.
517 2411 588 2494 Syll.

23 2511 195 2594 troparium
216 2535 327 2598 repens
347 2514 398 2578 Ba.
423 2524 454 2580 et
477 2518 542 2580 Sca.
564 2514 663 2598 Bryol
687 2535 751 2581 eur.

69 2636 169 2700 liubit.
195 2635 233 2700 ad
256 2638 398 2702 arborum
422 2639 631 2721 sylvaticaram
662 2621 804 2718 truncos,
834 2641 996 2721 praecipue
1017 2641 1090 2704 Pios'
1110 2641 1173 2724 spl-

24 2743 89 2803 strir
110 2750 141 2804 ct
163 2741 302 2822 Botulus,
325 2743 424 2805 rarius
448 2742 485 2806 ad
508 2761 591 2824 saxa,
615 2745 646 2805 in
671 2743 759 2807 tectis
783 2745 953 2808 stramineis
974 2761 1068 2827 propa
1084 2747 1175 2828 Steyr

24 2847 121 2908 nstriae
145 2865 250 2930 super.
273 2845 323 2909 ubi
347 2849 431 2911 amic.
456 2849 566 2911 Saurea
588 2848 805 2931 procerrimum
827 2848 920 2932 legit,
944 2849 974 2912 in
995 2850 1119 2933 planitie
1143 2859 1175 2913 ut

55 2952 202 3015 montibus
240 2951 375 3035 regionis
412 2953 599 3036 campestris.
649 2953 683 3016 ln
721 2951 860 3016 America
898 2962 1042 3036 septentr.
1083 2955 1174 3018 multo

24 3053 131 3134 piosius
155 3064 247 3140 atque
269 3058 428 3139 procerius
455 3077 525 3122 esse
548 3059 668 3123 videtur
690 3077 779 3142 quarn
802 3060 833 3121 in
854 3059 983 3142 Europa.
1073 3063 1077 3070 “

68 3161 170 3226 Fraact.
195 3169 308 3236 motor.
333 3163 422 3226 Vere.

56 3281 216 3352 Csespitibus
234 3285 379 3354 interruptis
397 3284 583 3354 irregularibus
601 3287 720 3355 provenit
737 3285 779 3338 rel
797 3285 874 3354 longe
892 3285 995 3356 lateque
1014 3287 1133 3338 estensis.

54 3369 223 3440 Distinguitur
242 3373 322 3439 primo
341 3373 397 3425 risu
415 3389 430 3425 a
449 3373 576 3440 Pylaiss's
588 3375 734 3444 pclpssstbc
751 3373 840 3427 colore
851 3372 921 3428 laete
935 3372 977 3426 vel
995 3372 1175 3439 sumo-viridi,

25 3451 55 3508 liis
72 3457 206 3512 latioribus
225 3457 386 3513 brevioribus
405 3461 522 3514 siccitate
539 3462 619 3516 dense
637 3461 776 3516 imbricatis
799 3463 867 3516 uusle
891 3460 981 3515 umuli
1005 3460 1103 3527 jalacei
1121 3459 1175 3513 alli·

25 3555 89 3614 rstur,
107 3547 216 3616 capsula
234 3548 347 3618 reparlari
365 3548 496 3603 solidiore.

56 3633 199 3702 specimina
218 3651 233 3688 s
254 3634 316 3689 clar.
336 3637 433 3690 Sauras
451 3639 477 3689 in
495 3640 570 3691 tectis
589 3639 731 3692 stramineis
749 3638 817 3691 lecta
830 3637 917 3692 caules
931 3645 1032 3690 erectos
1047 3634 1177 3690 multoties

25 3719 77 3773 risos
94 3723 257 3776 robustiores
280 3723 396 3779 unciales
424 3735 451 3778 et
477 3725 621 3780 biuncislas
645 3725 739 3778 babent
762 3726 797 3778 ita
815 3735 842 3778 ut
859 3723 1101 3794 soprato-natan
1118 3733 1177 3776 ants

25 3806 72 3860 alos
89 3811 184 3865 babere
204 3812 315 3866 diceres.

309 3967 383 4034 Gen.
407 3966 437 4032 3.
482 3966 850 4032 CYLINDROTHECIUM.

449 4107 536 4162 Sesea.
554 4106 714 4180 Bryol.‚eur.

72 4227 188 4292 Plantae
213 4229 372 4310 speciosae
394 4230 454 4294 late
470 4231 683 4313 caespitantes,
707 4228 860 4294 demissae
876 4246 946 4294 raro
961 4234 1093 4310 erectae,
1109 4228 1176 4312 plus

26 4327 83 4392 inus
105 4333 249 4398 distincte
270 4335 414 4418 pinnatim
437 4336 624 4416 ramulosoe,
654 4335 841 4400 fasciculato-
864 4335 913 4396 vel
944 4333 1176 4396 eradiculosac.

27 4431 68 4497 slis
89 4439 226 4503 conferta
250 4441 362 4503 arctius
385 4440 522 4503 laxiusve
544 4441 745 4522 complanata,
776 4457 845 4502 raro
873 4438 1006 4521 undique
1035 4439 1176 4520 patentia,

27 4537 156 4623 tiuscula,
189 4551 278 4608 orata
302 4551 333 4606 et
354 4544 619 4634 ovam-oblonga,
652 4547 818 4610 acuminata
840 4545 888 4608 vel
910 4545 1035 4621 mutica,
1073 4543 1178 4624 laevia,

45 4637 167 4693 scssssss,
182 4645 308 4698 Sysspsls.
991 4646 1025 4698 33
