3080 5370
462 393 616 446 Pottlnceno.
1082 385 1142 450 m

16 565 113 629 menius
140 567 297 649 simplicior
327 567 486 651 gracilior,
520 567 664 632 radiculis
696 566 769 630 mna
804 569 977 632 numerosis
1015 568 1142 632 obsitus

13 669 56 732 luo
71 671 342 754 squamoso-patula,
368 691 407 733 ex
429 679 519 736 ovato
540 671 864 756 oblongo-lanceolata,
887 670 973 734 valde
998 689 1141 751 concana,

15 777 96 858 mpine
115 776 236 857 reflexa,
261 777 443 854 acuminata,
467 783 552 842 costa
574 777 661 840 viridi
683 777 715 840 in
737 777 859 840 aristam
881 775 1008 859 rigidam
1029 793 1142 858 purpu-

16 895 55 940 nn
68 879 225 946 excedente.
263 881 390 964 Capsula
413 890 515 945 ovato·
532 889 563 943 et
578 879 866 964 notongnctttpttca,
890 880 1039 959 brunnen,
1055 879 1142 962 podi-

16 981 50 1044 clo
66 986 265 1066 cmssiusculo,
296 987 499 1050 exsiccatione
523 1005 539 1048 a
567 985 633 1048 basi
656 985 692 1048 ad
718 985 848 1048 medium
869 983 1063 1048 dextrorsum
1087 985 1140 1048 de-

17 1083 148 1170 nsusque
179 1089 216 1152 ad
253 1089 405 1171 caponum
447 1090 657 1152 sinistrorsum
696 1095 793 1169 torto,
826 1090 950 1153 omuino
980 1107 1142 1172 purpureo.

16 1193 153 1255 nistomium
175 1193 326 1276 paululum
350 1193 427 1257 ultra
450 1195 569 1256 tertiam
586 1201 700 1275 partem
723 1193 905 1256 tubulorum.
951 1193 1050 1274 liryot
1073 1213 1140 1256 aur.

18 1295 84 1372 ,lat
101 1294 163 1362 165.

28 1421 149 1501 amplytto
169 1419 255 1486 linco.
280 1422 311 1482 in
332 1420 388 1485 litt.
432 1419 482 1486 Ba.
506 1427 537 1482 et
561 1417 625 1485 Son
648 1417 748 1500 Bryol
771 1436 837 1482 cur.
881 1417 914 1481 u.
931 1417 1047 1482 Mtcaun
1063 1419 1136 1500 Syn.

83 1524 206 1589 ΗΛκτιΑυ
231 1523 345 1589 Skand.
369 1525 410 1587 Fi.

20 1629 122 1690 mictu
141 1649 207 1694 cor.
232 1631 344 1712 alpino
365 1630 410 1692 Da
431 1627 539 1692 Noram.
565 1627 692 1709 Specim.

19 1726 173 1814 lmmopimr
194 1733 406 1814 Wuauarsano,
429 1731 509 1796 linio.
533 1729 584 1807 tl).

52 1853 129 1917 llolit.
152 1855 187 1918 ad
216 1875 311 1939 rupes
341 1863 373 1917 et
401 1873 473 1918 saxa
500 1854 638 1938 regionis
662 1854 779 1935 alpinae
801 1852 838 1915 ab
869 1854 1010 1917 arborum
1041 1853 1136 1918 limite

21 1972 57 2040 pe
68 1959 96 2021 at
110 1961 190 2022 niues
206 1968 362 2040 aeternas,
385 1959 532 2042 ¹depressa
556 1959 661 2020 nivosa
678 1965 757 2020 amat
771 1965 859 2040 atque
884 1975 957 2021 saxa
972 1959 1137 2040 umbrosa;

22 2077 93 2144 mnam
119 2067 268 2147 copiosius
299 2063 359 2128 vidi
382 2081 469 2144 quam
497 2063 528 2124 in
558 2063 672 2124 nivosis
696 2061 812 2126 llelvet.
844 2082 881 2124 m.
906 2063 1023 2126 Gemini
1051 2071 1137 2127 retro

20 2169 283 2249 alcimormbocln,
308 2155 462 2231 caeterum
484 2167 515 2228 in
538 2167 663 2228 summis
687 2165 861 2247 Pyrenaeis,
886 2167 917 2228 in
939 2174 1001 2231 toto
1026 2165 1136 2231 llelvc·

21 2285 38 2335 c.
53 2271 149 2352 lpnolis
171 2281 263 2355 atquc
288 2271 492 2354 salisburgiae
512 2271 609 2353 jugo,
640 2270 669 2330 in
693 2285 811 2334 summo
833 2271 961 2334 Jurasso
983 2269 1135 2334 helvetico

19 2371 141 2454 lacoon,
155 2379 259 2458 Dcite),
284 2394 376 2459 parce
400 2383 430 2438 et
453 2373 587 2437 sterilem
610 2374 640 2435 in
656 2373 827 2457 Norvegiae
850 2373 927 2456 Alpa
943 2375 1135 2458 Doorcfjetrl,

19 2479 83 2541 niem
102 2481 234 2563 equidem
259 2481 297 2544 cl.
320 2479 462 2543 Lrnooaao
484 2499 502 2543 e
524 2477 675 2562 Lapponia
699 2479 810 2560 pitensi
832 2478 953 2558 retulit,
978 2479 1135 2545 desidera·

18 2583 61 2646 tin
77 2583 225 2650 Britannia.

48 2687 127 2754 lmct.
147 2697 257 2756 motor.
282 2688 319 2752 ad
344 2689 468 2751 aestatis
491 2685 590 2750 finem.

37 2803 169 2876 locontur
186 2828 202 2864 a
221 2811 254 2864 B.
275 2808 369 2862 rurali
386 2807 515 2862 simillima
541 2809 610 2862 loliis
635 2809 785 2862 acuminatis
804 2810 881 2862 arista
905 2809 1026 2863 breviore
1048 2810 1132 2880 rigida

17 2904 137 2960 marcente
153 2897 309 2966 terminatis,
333 2897 469 2950 saturatias
487 2895 622 2962 viridibus,
643 2895 845 2966 perigonialibus
867 2897 974 2950 internis
1001 2895 1134 2952 latioribus

17 2987 127 3055 encolpio
149 2997 249 3054 costae,
274 2985 381 3054 capsula
405 2983 537 3051 breviora,
561 2986 701 3051 crassiore,
725 2985 873 3054 peristomio
897 2985 979 3036 minus
1007 2984 1128 3054 elongato

17 3069 100 3141 nume
115 3073 239 3128 actuoso.

357 3245 406 3314 tt.
440 3243 715 3314 monarcus

387 3358 480 3427 Bryum
498 3359 585 3416 rurale
604 3359 673 3411 Luna,

52 3449 167 3530 Speciosa
181 3457 515 3537 expanso-caespitum,
540 3455 726 3538 caespitibus
743 3471 761 3516 e
780 3455 867 3517 viridi
883 3453 998 3516 incanis
1014 3452 1134 3516 interne

15 3557 133 3633 supinos.
174 3559 255 3622 Folia
279 3566 394 3624 remota
417 3561 511 3623 cautis
534 3560 619 3642 apice
642 3560 798 3639 contortis,
822 3578 841 3621 c
864 3559 964 3620 medio
986 3575 1131 3622 remcrvn·

13 3663 109 3731 prosa
127 3662 188 3726 basi
211 3665 461 3748 subvaginantia,
491 3665 621 3748 oblonga
643 3672 675 3727 et
697 3662 845 3746 oblongo·
855 3663 1016 3747 elongata,
1048 3665 1134 3745 apice

13 3750 50 3816 ilc
71 3767 222 3848 rotundato,
245 3770 348 3834 medio
376 3771 564 3853 emarginato
593 3771 745 3852 cristaque
773 3775 898 3830 ecosta
934 3769 1133 3849 proveniente

13 3873 51 3942 tgr
69 3865 182 3934 lemosa
203 3874 311 3938 incana
334 3875 542 3956 spinosissima
566 3875 720 3936 instructa.
759 3872 840 3934 Folia
863 3872 1063 3955 perigenialia
1086 3874 1132 3936 io·

13 3975 50 4026 ma
66 3981 150 4054 orsu,
177 3985 302 4042 costato.
349 3977 475 4060 capsula
504 3979 535 4039 in
565 3975 716 4060 pedicello
745 3976 836 4059 longo
868 3977 932 4040 basi
960 3977 1012 4040 vix
1041 3978 1133 4042 tortili

13 4079 86 4146 osma
105 4077 277 4161 tutescente,
303 4082 458 4165 elongata,
483 4083 681 4161 subincurva,
705 4082 849 4162 operculo
870 4082 963 4166 longe
984 4082 1132 4165 unguicu-

13 4173 40 4232 li·
72 4177 257 4250 Peristomium
280 4187 490 4272 longissimum
513 4186 550 4252 nd
573 4183 704 4248 medium
727 4185 777 4247 vel
799 4186 836 4250 ad
865 4187 983 4250 tertiam
1013 4193 1131 4268 partem

13 4282 61 4354 'lit
77 4285 233 4357 mousom.
280 4291 380 4374 Bryol.
404 4307 470 4354 eur.
492 4290 526 4370 ll,
551 4287 710 4376 lanlssli.

13 4385 77 4474 han
93 4412 191 4490 mule
213 4413 349 4478 antlneris
373 4412 602 4492 erectiusculis,
626 4413 704 4476 loliis
733 4413 858 4496 pilileris
888 4413 1025 4476 recurvis
1049 4414 1128 4474 Lrns.

86 4513 125 4592 Sp.
145 4516 228 4584 Plant.
331 4513 335 4520 '
