3434 5372
588 405 752 460 lassamus.
1167 395 1262 454 xcvu

116 581 349 666 llprclostegium
369 581 550 659 confertum
695 578 935 663 Amblpstegium
959 579 1078 642 subtile.

209 686 464 768 megapalitanum
486 686 574 767 freq,
696 682 902 764 llylocomium
924 684 1115 766 triquetrum,
1138 685 1218 768 vulp.

208 791 326 868 murale,
348 789 440 874 vulg,
697 787 883 850 Limuobium
906 787 1049 870 palustre.

206 893 392 975 mscilorme,
415 893 494 978 rrulgss
696 889 832 974 Hypnum
854 909 973 973 purum,

117 995 247 1058 nummum
268 996 471 1080 alopecurum.
826 995 998 1073 Schreberi,
1020 1001 1105 1078 ster,

118 1097 295 1164 laudolcslaea
311 1103 492 1184 saevirem,
506 1101 538 1164 ia
554 1107 644 1164 mont.
825 1099 1074 1181 cupressllorme,
1096 1118 1175 1183 cop,

117 1201 230 1267 liuidum
251 1207 488 1270 tamariscinum.
826 1203 977 1284 filioiuum,

115 1303 316 1388 templarium
334 1311 515 1390 rutabulum,
538 1310 630 1394 vulg,
825 1316 1050 1392 commutatum,

204 1414 380 1493 volutinam,
829 1413 1016 1494 molluscum,

205 1519 345 1600 albicans,
369 1537 431 1582 rar.
828 1517 920 1581 crista
936 1517 1116 1598 castrensis,

120 1617 328 1700 lampulecium
350 1623 522 1704 lutcsceos,
545 1624 626 1707 vulg.
828 1621 988 1686 stellatum.

124 1721 314 1812 lmlpaegium
339 1744 481 1810 serpens,

155 1967 247 2034 llcmla
269 1969 451 2054 brpologica
472 1969 633 2053 Hispaniae
656 1967 859 2034 meridionalis
887 1969 1065 2052 praeprimis
1088 1969 1210 2036 ditionis

212 2074 392 2140 malaceusls
415 2082 504 2157 alque
528 2075 722 2159 granatensis
745 2092 762 2136 a
786 2093 833 2136 me
856 2075 922 2156 ipso
944 2076 1155 2160 investigatae.

173 2228 254 2295 lema
275 2231 460 2296 malacensis
484 2229 521 2295 ad
544 2231 733 2294 occidentem
761 2229 846 2312 urbis
870 2249 887 2293 c
910 2231 1011 2296 stratis
1034 2233 1186 2316 argillosis
1208 2232 1270 2297 lor·

118 2333 216 2394 saionis
237 2353 327 2418 qaam
344 2335 604 2417 subappenuiuam
627 2334 740 2413 dicunt,
764 2342 796 2397 et
811 2353 828 2398 e
845 2335 927 2398 calce
943 2336 1083 2400 oolitlaica
1100 2338 1166 2402 alba
1189 2355 1271 2402 com·

117 2435 214 2518 priam,
242 2443 396 2504 orientem
430 2448 519 2522 atque
547 2441 783 2522 septentrionem
813 2457 921 2502 versus
944 2459 962 2503 e
986 2442 1088 2504 stratis
1111 2441 1270 2506 schistosis

116 2553 168 2601 tuac
184 2549 356 2626 compactis,
394 2544 432 2610 ad
453 2545 551 2608 littora
574 2546 681 2625 maris,
714 2543 976 2624 narcissinum,
1007 2562 1119 2612 versus
1141 2553 1271 2628 montes,

115 2645 216 2719 quoad
239 2649 454 2714 formationem
476 2649 662 2712 transitionis
685 2648 861 2712 inferiorem
883 2649 997 2712 resero.

173 2749 272 2816 Terrae
294 2753 492 2838 manatensis
514 2756 602 2836 regio
624 2753 710 2836 plana
734 2755 910 2835 campestris
934 2755 1041 2835 (cepo)
1064 2773 1104 2818 ex
1119 2755 1270 2822 alluvione

112 2852 214 2916 amistit
242 2857 448 2937 fertilissima,
485 2864 624 2922 montosa
646 2865 677 2922 et
699 2865 836 2922 moutam
859 2877 876 2920 e
899 2857 1126 2954 conglomerata
1153 2859 1270 2923 brecci-

114 2947 205 3036 lornl(
192 2961 363 3041 (Nupellloe
385 2967 538 3043 exparte)
560 2971 620 3026 tam
636 2962 772 3025 calcareo
794 2981 881 3045 quam
897 2964 1042 3043 micaceo,
1066 2961 1178 3046 quod
1165 2981 1273 3047 pagum

115 3055 330 3129 Sia-rollcccdo
346 3066 506 3148 usquead
530 3065 580 3128 alt
604 3065 697 3130 nouo
719 3067 856 3131 ascendit
876 3068 977 3150 ibique
1000 3067 1204 3132 dolomiticum
1227 3069 1271 3132 el·

118 3155 196 3224 lam·
188 3186 302 3251 ,supra
318 3171 510 3234 altitudinem
533 3170 609 3233 hanc
631 3172 774 3234 montium
797 3173 949 3236 cacumina
972 3173 1093 3247 (Veleto
1115 3181 1146 3236 et
1168 3175 1274 3236 liuiu-

124 3261 194 3342 lom)
217 3292 233 3334 a
250 3274 363 3370 lapide
387 3273 474 3337 lissili
497 3275 631 3338 micaceo
661 3274 763 3338 colore
786 3276 904 3339 murino
933 3277 1045 3360 insigni
1067 3277 1272 3340 efformantur.

127 3350 259 3438 lusui
249 3379 397 3442 arenacci
419 3397 493 3442 sara
514 3379 615 3442 variae
638 3379 823 3442 formationis
846 3380 1018 3444 relerentes
1033 3382 1213 3458 (Maronea)
1235 3381 1272 3446 ad

129 3479 271 3544 uarallium
292 3483 456 3546 Mcncclil
477 3490 567 3564 atque
590 3483 681 3548 Xenil
702 3487 932 3566 conspiciuntur.

178 3579 243 3650 litio
264 3588 466 3665 malacensis,
500 3593 534 3650 ut
556 3594 587 3650 ct
609 3591 813 3671 granatensis,
846 3591 1063 3654 esiccissimis
1087 3597 1149 3671 est,
1182 3590 1272 3672 sylvis

123 3675 239 3770 laima,
271 3691 382 3754 rivulis
411 3697 527 3754 aestate
550 3691 615 3754 lere
638 3693 774 3756 omnibus
798 3696 972 3775 exsiccatis,
997 3714 1056 3778 quo
1079 3695 1110 3758 lit
1132 3703 1164 3758 ut
1187 3695 1274 3759 Flora

121 3778 260 3874 luctamen,
283 3797 421 3859 omnium
443 3797 643 3877 pauperrima,
667 3797 731 3860 sola
751 3797 859 3879 hyeme
875 3801 995 3882 vigens,
1019 3806 1135 3864 aestate
1151 3800 1274 3863 omnino
1337 3795 1340 3802 “

121 3883 166 3950 lere
182 3895 274 3962 deusta
298 3899 513 3982 conspiciatur.

180 3996 237 4084 lugi
263 4005 378 4068 Siara-o
402 4004 518 4081 Tejedu
539 4002 698 4077 (Allieno)
728 4005 808 4070 inter
835 4007 1069 4089 Voles-Molupo
1098 4014 1130 4071 ct
1151 4023 1273 4090 campos

126 4107 279 4169 meuses
289 4108 436 4189 Jaoentis,
461 4105 576 4188 scopuli
592 4107 721 4170 calcarei
736 4111 981 4193 (Mosclellsollr),
997 4113 1045 4176 llic
1060 4111 1120 4175 illic
1135 4111 1276 4175 arcnacci

128 4193 219 4269 iliata·
244 4211 422 4286 Scodrleia)
453 4209 616 4273 aridissimi
650 4216 730 4274 omni
764 4217 956 4298 vegetatione
990 4234 1129 4280 muscosa
1160 4216 1274 4297 nudati,

131 4297 198 4368 laam
215 4314 277 4377 riae
297 4315 494 4393 humiditate,
523 4315 621 4397 campi
642 4317 794 4399 argillacei
822 4320 887 4384 sole
916 4321 1014 4386 exusti
1046 4337 1107 4384 non
1130 4322 1275 4403 majorem

133 4421 259 4480 Quorum
273 4421 387 4502 copiam
402 4419 490 4482 alunt
504 4438 591 4501 quam
607 4419 736 4484 ditiones
752 4441 841 4505 supra
856 4423 1004 4504 laudatae,
1027 4432 1119 4506 atquc
1134 4424 1276 4507 Brpologi

131 4506 200 4592 illu
228 4519 280 4585 loc
315 4525 449 4589 ineuntis
488 4526 743 4607 exspectationem
779 4547 840 4592 non
872 4531 970 4593 minus
1004 4529 1156 4610 decipiunt
1186 4549 1274 4612 quam

164 4631 225 4680 ⁵⁶¹¹·
188 4645 331 4698 'uanis
333 4648 405 4698 mi
1083 4633 1099 4683 ⁷
