3336 5352
612 385 781 446 heminaria.

329 673 331 676 .
467 671 472 686 ,
528 599 602 694 eja.
627 630 675 681 no
694 629 857 694 opercmo.

179 767 310 850 Capsula
347 773 481 835 omnium
512 779 703 850 muscarum,
735 771 942 852 cleistocarpis
971 777 1061 852 atque
1083 769 1294 853 schistocarpis

106 873 253 954 exceptis,
278 884 362 958 parte
386 893 441 938 sua
464 877 622 958 superiore
646 875 824 938 maturitatis
847 881 983 956 tenpore
1007 875 1218 938 circumsclsee
1240 874 1293 938 (le-

107 973 191 1055 h'ucit,
217 986 413 1062 segmentum
436 979 494 1042 hoc
516 976 606 1042 modo
628 978 798 1042 descissam
821 979 999 1060 operculum
1021 979 1200 1042 nominatur.

177 1081 268 1144 ilulia
300 1101 474 1148 muscarum
509 1101 578 1165 pars
611 1085 754 1166 majorem
788 1081 949 1147 formarum
972 1083 1148 1147 varietatem
1170 1083 1294 1165 praehet

104 1185 302 1268 melioresque
324 1187 361 1252 ad
385 1189 505 1270 species
528 1187 715 1252 definiendas
738 1195 910 1252 caracteres
925 1203 1014 1269 quam
1029 1195 1220 1271 segmentum
1236 1185 1294 1252 hoc

102 1290 236 1370 crpnrloe
259 1289 432 1356 deciduum.

178 1394 475 1460 Plano-coucam
503 1396 677 1478 operculum
709 1395 820 1460 hahent
849 1396 1063 1460 Entortlracioc
1095 1395 1292 1476 impleturi,

101 1499 289 1577 simiorum
309 1501 511 1580 formosiore,
533 1501 675 1564 Feraria
689 1500 926 1582 hypronretricm
950 1519 1108 1573 coroner
1129 1499 1191 1562 alte
1213 1517 1292 1562 coa·

101 1619 203 1664 amm
220 1603 268 1666 vel
284 1604 566 1684 hemisphaeriorum,
582 1605 728 1685 Splcohn.
753 1604 988 1684 Wormrhjaldii‚
1010 1603 1146 1680 mmmm,
1170 1604 1292 1680 luteum,

107 1705 274 1787 scaptos
297 1709 489 1786 urceoloius,
515 1709 660 1786 l'irnmiu3
690 1709 971 1786 pomeranicae,
997 1708 1146 1788 Tayloria
1168 1707 1302 1780 lluliol-¹

102 1809 230 1888 pliona,
260 1811 462 1892 Amhlyslepii
490 1819 521 1874 el
557 1811 774 1896 Brachylltepii
805 1813 946 1894 speciem
980 1813 1292 1888 comico-careum,

105 1912 199 1978 Pollia
221 1916 383 1993 uincula,
407 1916 591 1990 Dircclium
612 1917 861 1980 acute-corticum
875 1916 1086 1998 Diplpreium,
1109 1915 1292 1991 Forlraalir,

106 2018 282 2100 luraphiu
310 2021 512 2084 mammillam
533 2038 589 2084 seu
612 2039 630 2084 e
653 2021 719 2084 basi
750 2019 987 2102 hemisphaerica
1010 2020 1040 2082 in
1063 2019 1200 2101 papillam
1223 2035 1291 2100 pro·

102 2120 228 2202 inmun,
251 2123 332 2205 chi
353 2141 461 2188 omnes
477 2125 541 2188 lere
557 2126 688 2205 species,
712 2125 798 2188 licio
818 2123 972 2202 nonnulla,
997 2125 1171 2196 Cinciirlia,·
1193 2122 1292 2186 ebusi

102 2243 230 2289 morena
252 2227 302 2290 vei
325 2227 434 2291 obtuse
457 2229 561 2292 conica
585 2230 686 2292 subito
707 2230 738 2291 in
754 2228 901 2309 apiculum
920 2235 1119 2306 comeatum
1144 2227 1292 2290 &inuria

102 2331 238 2408 (Sclirt.)
262 2351 436 2412 opocarpa,
460 2335 608 2396 &imario
623 2334 802 2416 apiculam
824 2333 1018 2413 caespiticium
1039 2332 1136 2395 uhasi
1157 2347 1291 2394 convexa

101 2433 145 2494 uel
166 2436 271 2498 conica
294 2436 396 2499 subito
419 2438 450 2498 in
472 2456 599 2502 acumen
621 2445 738 2501 rectum
762 2436 931 2520 longiorem
954 2435 1150 2518 productum,
1183 2437 1290 2498 (Μω-
1316 2425 1321 2438 ’

101 2539 160 2599 raia
179 2539 376 2620 leucophaea,
398 2542 508 2624 Drypt.
533 2543 707 2616 sedetiam
729 2542 887 2604 amcalare
907 2540 956 2604 uel
978 2540 1070 2622 louge
1091 2538 1289 2621 auspicatum,

52 2647 57 2660 '
102 2641 205 2723 urppt.
227 2645 396 2725 cilipticus,
428 2647 613 2724 oriculario,
642 2647 809 2710 ilacornitr.
841 2664 1023 2722 canescens,
1058 2645 1290 2726 lanuplrtoaum5
1317 2657 1319 2662 '

102 2744 267 2810 salamiam
296 2756 423 2812 vocatur
455 2769 523 2812 cum
553 2750 666 2814 acicula
697 2750 807 2814 leniter
840 2750 1028 2828 incurvatur,
1062 2755 1095 2810 ul
1124 2749 1153 2810 in
1189 2748 1289 2811 multis

103 2848 251 2929 maoch,
275 2853 305 2914 in
329 2853 547 2936 camporum
569 2861 738 2917 rostratam
760 2853 871 2916 dicitur
886 2871 953 2917 cum
970 2870 1096 2916 acumen
1111 2853 1160 2916 vei
1180 2871 1289 2936 cuspes

104 2951 284 3035 obliquetur,
319 2963 352 3018 ut
382 2957 415 3019 in
447 2959 586 3024 usercam
616 2961 749 3036 airmle,
780 2960 811 3021 in
833 2959 917 3021 linio
949 2965 1086 3021 rostrato
1109 2963 1140 3020 et
1162 2957 1290 3020 ortior·-

104 3055 238 3136 ripario,
261 3060 293 3121 in
319 3061 449 3124 Thericlia
472 3064 682 3128 immaruciuo.
719 3064 827 3127 Forma
849 3069 948 3126 autem
972 3061 1107 3143 operculi
1129 3081 1148 3126 e
1171 3061 1287 3124 duabus

105 3175 187 3244 saepe
209 3166 398 3246 componitur
426 3167 465 3230 ita
488 3174 521 3228 ut
543 3167 748 3232 denominatio
780 3167 946 3246 composita
975 3181 1046 3228 esse
1077 3163 1196 3230 debeat
1241 3165 1291 3230 Sic

108 3261 201 3329 iantm
215 3270 359 3350 opercula
373 3271 523 3334 incurvo-
540 3279 571 3334 et
585 3273 891 3347 recurva-rahalota,
913 3269 1290 3334 mahclaoaio-acicataria

110 3367 319 3454 (incompta),
351 3375 458 3438 obtuse
489 3382 521 3438 et
542 3381 631 3438 acute
661 3383 789 3441 rostrata
811 3381 890 3455 etc,
921 3391 997 3456 quas
1027 3373 1289 3438 denominationes

112 3475 224 3556 quisque
248 3475 336 3540 facile
360 3479 530 3562 intelligere
553 3481 672 3562 poterit.

182 3581 284 3654 Quoad
301 3581 446 3662 colorem,
470 3583 578 3646 eodem
596 3584 661 3648 lere
683 3583 859 3666 operculum
876 3582 965 3646 micat
980 3600 1015 3644 ac
1030 3581 1214 3664 pedieellus3
1237 3583 1289 3646 lu-

110 3683 191 3760 isset,
219 3687 455 3764 nonantiscurte,
480 3707 687 3769 purpureum,
717 3687 896 3770 spadiccuao
920 3703 1030 3767 nempe
1060 3687 1212 3751 invenitur
1233 3705 1289 3768 pro

110 3787 254 3862 speciebus
276 3789 418 3856 diuersis.
457 3790 553 3872 Saepe
577 3791 655 3855 iliius
679 3793 772 3872 basis,
796 3791 916 3873 capsula
939 3788 1035 3852 adhuc
1057 3787 1157 3870 virili,
1180 3807 1287 3854 aurau-

110 3886 203 3954 lircum
230 3893 280 3956 uel
311 3895 497 3959 rutilantem·
516 3895 613 3960 induit
645 3897 779 3960 colorem
812 3913 829 3958 a
862 3895 1028 3977 peristomii
1059 3893 1201 3960 uerutus
1233 3912 1288 3976 per

111 3997 229 4071 operculi
251 3997 455 4062 membranam
478 4005 613 4064 teneram
636 3999 893 4066 translucentibus
916 4005 1091 4062 mutuatum.

543 4189 569 4252 ς.
587 4186 615 4240 'l.
642 4189 690 4242 De
707 4189 835 4242 annulo.

184 4311 328 4394 capsulae
357 4319 389 4376 et
417 4312 562 4394 operculo
591 4311 771 4393 saepissime
801 4311 953 4396 cingulum
976 4312 1179 4402 tenerrimum·
1194 4313 1287 4376 inter·

110 4415 226 4492 positum
242 4423 301 4498 est,
324 4433 404 4480 nunc
418 4415 456 4480 de
479 4414 579 4499 hujus,
602 4433 681 4478 nunc
702 4413 836 4478 clevillius
852 4416 1165 4500 margineseceiens,
1187 4417 1286 4480 rarius

109 4521 275 4604 persistens,
299 4529 331 4588 et
354 4521 487 4586 anm
507 4537 564 4586 sau
584 4519 707 4602 lemma
728 4519 883 4604 omologo
904 4520 1026 4592 dictum.
