3140 5372
507 345 676 402 bealteaocas.
1053 297 1058 305 ἱ
1125 341 1185 410 iili

355 523 435 587 Seol.
457 521 481 587 1.
529 522 585 586 rt.
608 471 823 584 minnistin.

74 658 197 726 Minora
219 662 337 744 gentis,
365 661 518 740 monnica,
546 658 633 723 cauta
656 657 972 741 depresso-prostrato
995 659 1132 742 pinnato·
1156 667 1186 722 et

9 765 326 846 ipinnato-ramuloso,
351 763 487 828 soliorum
512 763 696 828 caulinorum
720 763 906 836 arcclationc
929 770 991 827 tota
1011 761 1186 826 rotundato-

9 885 165 952 axagona‚
189 869 308 952 capsula
330 867 508 932 horizontali
532 873 619 930 ovata
642 866 790 946 molliore,
814 866 959 949 operculo
975 865 1186 932 subulirostro.

383 1058 407 1123 l.
437 1055 589 1124 blnda·
611 1055 794 1124 nlnntulrn.

398 1195 586 1289 tlppnsmicut.
604 1195 691 1248 lima.
709 1196 785 1263 stirp.

71 1315 183 1380 caulis
220 1333 348 1398 repens,
387 1319 793 1398 lamentosa-rudiculosas,
834 1333 991 1396 ramosus,
1030 1315 1188 1399 eleganter

11 1428 130 1486 analo
155 1426 189 1481 et
211 1419 561 1502 bipinnato-ramulosus.
606 1422 687 1486 Folia
710 1422 825 1485 caulina
848 1419 1072 1499 remotiuscula,
1095 1418 1188 1480 elatc

9 1525 147 1588 eltoideo
171 1525 339 1586 acuminata
360 1532 392 1586 et
413 1525 569 1607 apiculata,
593 1532 720 1607 utraque
743 1525 788 1588 ala
811 1525 893 1588 sulca
916 1523 1052 1589 obsoleta
1077 1529 1188 1598 notatu,
1210 1519 1224 1532 “’

9 1639 65 1693 ista
94 1645 212 1690 versus
235 1627 350 1709 apicem
371 1627 514 1708 evanida,
545 1630 692 1693 ramulina
715 1629 1012 1706 acuminato-ovata,
1046 1644 1188 1702 concava,

9 1741 64 1796 ista
91 1731 261 1810 breviore,
299 1739 426 1813 utraque
460 1740 493 1797 ut
527 1739 559 1794 ct
589 1731 769 1814 pamphyllia
802 1750 964 1796 numerosa
998 1730 1189 1793 multiformia

9 1837 68 1900 lide
106 1835 258 1916 papillosa
289 1837 427 1918 margine
458 1835 576 1900 cellulis
608 1843 639 1898 ct
669 1837 785 1919 papillis
817 1835 995 1919 prominulis
1029 1833 1189 1916 papilloso·

10 1941 169 2018 enulata3
193 1937 416 2021 pericbaeticlia
440 1942 593 2019 tenuiora,
625 1939 794 2017 rutilantia,
817 1941 963 2004 interiora
986 1957 1024 2001 ex
1047 1938 1190 2020 elongato

9 2053 118 2128 lguste
145 2042 530 2122 lanceolata-acuminata,
554 2053 679 2106 externa
703 2063 720 2105 c
744 2043 844 2108 medio
865 2045 1006 2126 patentia.
1051 2041 1189 2124 Calyptra

9 2147 166 2232 ajuscula.
214 2145 340 2228 Capsula
365 2145 483 2209 luluclla
498 2146 696 2236 leptoderma‚
720 2147 864 2228 operculo
880 2132 1190 2211 subulirostroluteo.

9 2272 99 2316 orae
129 2249 257 2314 virides.
301 2247 401 2330 Bryol.
425 2267 488 2315 cur.
511 2253 547 2329 V,
571 2251 641 2316 'lab
657 2249 731 2314 481.

9 2391 135 2456 ppetuu
159 2371 341 2433 minutulum
357 2377 465 2433 trunco
481 2372 606 2451 minuto,
619 2370 818 2434 decumbente
834 2371 978 2452 pinnatim
994 2368 1189 2448 ramificanlc,

116 2473 216 2538 ramis
248 2472 450 2555 simplicibus,
488 2474 631 2556 operculo
659 2476 780 2537 tenuius
810 2481 956 2554 rostrato,
994 2475 1190 2556 processibus

116 2577 292 2662 peristomii
315 2579 424 2640 intumi
453 2577 655 2660 imperioratis
684 2578 821 2659 ciliisquc
852 2577 1036 2661 simplicibus
1067 2578 1191 2661 duplici-

118 2683 255 2762 bosque.
300 2679 402 2743 Hsow.
425 2679 520 2743 lllusc.
544 2680 643 2745 irond.
665 2681 712 2761 lV,
736 2699 764 2762 p.
788 2677 841 2759 90,
865 2689 886 2744 t.
911 2681 961 2748 34.

14 2790 208 2850 Scawnccn
233 2783 332 2866 Suppl.
355 2783 378 2862 l,
401 2783 431 2845 P.
453 2783 487 2847 ll.
533 2783 565 2846 G.
589 2785 703 2848 nucum
728 2787 854 2868 Synops.

9 2913 56 2974 pp.
84 2887 240 2954 stereon
262 2888 427 2951 minutulos
448 2887 528 2950 Baro.
551 2887 649 2970 Brpol.
674 2890 753 2951 univ.

9 2997 158 3058 cnidiam
183 2992 364 3054 minutulum
385 2990 435 3056 lla.
458 2999 489 3054 et
512 2992 577 3054 Sca.
599 2991 700 3073 Bryol.
724 3009 790 3055 eur.

61 3113 187 3178 flabit.
211 3111 243 3174 in
264 3111 356 3194 sylvis
380 3111 511 3194 planitiei
527 3110 564 3174 ad
581 3131 664 3193 saxa,
688 3110 725 3175 ad
742 3114 882 3177 arborum
899 3111 1017 3177 radices
1034 3120 1064 3178 et
1080 3113 1191 3194 stirpes

9 3219 144 3284 tridas:
183 3215 216 3277 in
239 3215 331 3296 sylvis
364 3231 458 3296 prope
482 3215 650 3279 Gorlsaoltc
671 3217 721 3279 ubi
753 3216 922 3280 oldricus
954 3217 1054 3281 multis
1085 3216 1192 3280 abhinc

9 3327 62 3388 uis
90 3319 242 3397 detexit,
276 3319 305 3381 in
336 3318 418 3399 sylva
441 3317 567 3399 Ncubcs
591 3337 686 3405 prope
709 3323 944 3404 Argentoratum
979 3320 1122 3402 nuperius
1154 3320 1191 3386 ab

9 3430 75 3491 rico
104 3427 204 3488 Panis
227 3429 380 3504 repertum
403 3429 467 3501 est,
503 3439 598 3504 prope
623 3421 808 3488 Monacbium
838 3425 868 3487 in
892 3425 983 3508 sylvia
1007 3423 1044 3488 ad
1068 3423 1097 3486 ll.
1120 3423 1192 3487 laur

9 3534 111 3616 piose
149 3545 224 3590 cum
247 3525 325 3588 boat.
348 3525 497 3588 Sancrarn
519 3525 584 3606 ipse
607 3524 678 3608 legi.
723 3524 924 3589 abundanter
943 3543 1000 3609 per
1020 3525 1190 3589 American

9 3627 267 3718 ptentrionalcm
289 3629 436 3710 provenit.
547 3717 550 3726 Ι

64 3739 185 3802 Fruct.
211 3739 321 3795 motor.
345 3740 515 3795 auctumnc.

48 3857 174 3928 Species
195 3851 283 3921 plnres
303 3851 413 3919 hujusce
426 3853 554 3906 Sectionia
572 3869 605 3906 ex
622 3863 729 3924 utraque
742 3851 868 3921 America,
887 3871 919 3905 ex
931 3853 1020 3907 Allien
1031 3852 1192 3907 meridionali

32 3963 68 4000 ex
105 3938 247 3996 Australis
276 3947 351 4006 acne
382 3941 463 4006 primo
496 3941 602 4008 intuitu,
632 3949 659 3994 nt
687 3949 789 4008 moena,
814 3957 829 3993 a
857 3941 969 3994 escuris
999 3939 1112 3994 Tbuidiis
1143 3943 1192 3995 dia·

9 4041 146 4104 guantur
164 4041 220 4080 non
238 4025 321 4079 solnm
338 4027 445 4079 minotio
464 4027 617 4096 plantarum,
642 4027 731 4080 coloro
748 4043 856 4080 amoeno
883 4028 958 4080 viridi
981 4025 1037 4094 plus
1060 4027 1143 4080 minna
1166 4027 1192 4078 ln

9 4117 112 4170 colum
135 4121 276 4181 vergente,
294 4113 340 4164 aed
358 4113 434 4164 ctiam
453 4113 576 4182 capsulae
594 4114 673 4166 lorma
693 4123 719 4164 et
730 4114 896 4165 consistentia
911 4113 1084 4184 operculoqne
1097 4113 1192 4167 suboli-

9 4216 75 4258 ω.
117 4199 255 4266 Tempore
274 4198 358 4251 lutnro
376 4214 458 4265 penus
475 4201 606 4268 proprium
623 4199 708 4252 forsan
727 4199 877 4254 formabant.
