3080 5370
450 391 642 449 Grimmiaceae.
1084 389 1147 454 m

32 569 161 632 human
185 567 284 652 Suppl.
300 567 323 647 l,
347 569 416 633 lab.
434 565 486 632 39.
534 569 684 633 Trmiort.
709 567 873 650 uipra'ottoa
894 565 976 632 linum
1000 567 1088 651 Spec.
1106 567 1145 632 ld

19 675 173 738 luminam
193 675 348 755 riparium
370 672 449 736 uam.
473 672 572 754 Bryol.
596 673 676 736 univ.

19 775 144 842 temous
164 779 304 859 riparius
325 776 375 841 lin.
400 785 431 840 et
454 777 519 842 Son.
541 775 640 858 Bryol.
664 793 729 840 eur.
775 774 883 842 llaurr.
908 777 1020 842 Slrand.
1044 777 1084 843 Fl.

19 884 115 946 modio
134 885 254 963 riponic
277 879 309 944 C.
334 881 449 946 ummo
472 881 543 964 Syn.

19 991 78 1061 unp.
98 989 251 1050 matris.
283 985 403 1049 Plantae
419 991 555 1064 erectae,
571 985 941 1069 pulvinata-caespitosae,
965 987 1149 1071 regulariter

90 1090 250 1154 diclotome
275 1105 422 1152 ramosae.
468 1089 549 1153 Folia
572 1089 727 1170 molliora,
758 1089 839 1152 laete
862 1089 984 1170 uiridia,
1009 1093 1146 1154 siccitate

90 1195 267 1277 complicato,
292 1199 498 1276 contorquata.
530 1192 658 1277 capsula
683 1195 715 1255 in
731 1193 880 1275 pedicello
896 1194 1036 1278 longiore
1052 1195 1147 1258 lutee-

89 1305 169 1362 cente
192 1299 285 1379 molli,
309 1297 406 1362 minus
429 1297 536 1378 solida,
560 1297 669 1380 pallide
692 1296 879 1364 lascescens.
916 1299 963 1361 Br.
987 1316 1052 1362 eur.
1076 1299 1096 1364 l.
1121 1317 1147 1362 c.

19 1405 172 1467 wadnam
190 1402 323 1485 tlooipea
344 1402 424 1466 Bam.
447 1403 547 1485 Bryol.
569 1403 649 1467 univ.

19 1507 194 1572 mlottom
213 1507 346 1590 flocipes
366 1507 412 1570 Du
433 1505 543 1570 Norae.
573 1505 644 1587 Syll.

19 1611 98 1674 ululo
117 1611 307 1676 crementa·
328 1610 407 1678 Baro.
430 1611 479 1674 Br.
503 1613 583 1676 uuir.
605 1610 629 1691 l,
652 1631 681 1694 p.
697 1608 770 1675 834.
794 1611 873 1674 Fron.
898 1612 990 1674 Maza.
1006 1609 1054 1678 sa.
1070 1625 1147 1678 rom.

55 1733 141 1796 llolit.
156 1733 192 1797 ad
215 1752 290 1797 sana
307 1741 339 1798 ct
360 1733 442 1817 ligna
463 1735 496 1796 in
519 1733 622 1797 rinrlia
637 1739 669 1797 et
691 1732 789 1797 fluviis
812 1733 948 1815 regionis
965 1735 1146 1816 campestria

19 1835 193 1924 tnialpioae3
217 1841 250 1902 in
265 1837 405 1902 Danubio
420 1837 457 1901 ad
473 1835 559 1920 palos
574 1839 674 1921 pontis
692 1837 910 1902 l'obortrttclre
924 1855 1018 1921 prope
1036 1837 1146 1904 vindo·

19 1951 69 2002 um
88 1942 118 2004 cl.
140 1943 218 2006 llosr
242 1943 377 2023 detexit,
401 1942 510 2006 eodem
532 1942 598 2006 iere
626 1949 763 2024 tempore
791 1942 821 2004 in
850 1942 949 2006 riuulo
972 1943 1145 2024 Looccpon

19 2047 53 2104 tro
69 2044 126 2108 liae
153 2047 313 2110 Heluetiae
337 2047 508 2110 &monna
540 2045 614 2130 legit
645 2053 677 2108 et
705 2047 762 2110 suo
790 2047 911 2110 nomine
946 2047 1151 2112 l'rieloetcma'

19 2151 95 2226 putet
106 2152 276 2232 publicavit,
294 2151 332 2215 ad
347 2157 526 2214 cataractam
541 2149 570 2216 ll.
587 2151 739 2232 Moyeone
753 2167 845 2232 prope
863 2149 984 2232 deperi
999 2153 1147 2232 (Guium),

19 2265 60 2332 ope
74 2255 212 2318 lculoure
227 2255 504 2336 (liconti-Tannus,
522 2254 802 2335 smmi-urnam),
819 2255 850 2316 in
866 2254 951 2318 rivul.
970 2255 1148 2340 Pinzgouiae

19 2373 101 2437 ¹prope
120 2359 275 2424 luvaviam
298 2360 458 2442 (Saurea),
482 2359 602 2441 ipsein
625 2357 653 2422 u.
677 2356 768 2422 Birre
790 2375 883 2441 prope
906 2359 1056 2423 uocum
1077 2359 1147 2422 liel-

19 2457 62 2520 tae
75 2462 104 2523 C.
122 2464 326 2544 foudooloidi
350 2463 543 2544 armentum,
566 2464 598 2526 in
613 2461 698 2526 alveo
715 2461 923 2543 molendinari,
948 2480 1038 2544 quem
1052 2467 1148 2526 totum

19 2559 143 2642 lucinii
172 2568 282 2632 iiteim
313 2567 372 2632 sttt
399 2575 484 2632 retro
524 2565 751 2648 Oenopontum,
787 2567 872 2630 socio
901 2566 1148 2648 Rtpuctcatepto

19 2669 144 2752 taleme,
174 2670 367 2736 abundanter
392 2672 464 2756 legi,
487 2689 582 2754 prope
604 2671 840 2752 Argentoratum
869 2671 938 2734 loco
962 2672 1089 2737 comae
1111 2669 1150 2736 ad

19 2781 74 2848 pun
91 2773 282 2840 fabrefactum
304 2775 479 2838 immersum
503 2775 615 2862 reperi.
647 2776 716 2838 Var.
740 2777 769 2850 β.
792 2774 824 2836 in
845 2776 928 2841 sonis
949 2782 983 2838 et
1005 2775 1042 2840 ad
1058 2775 1148 2840 arito-

19 2877 155 2942 nradioes
176 2897 270 2944 secam
293 2880 407 2944 rivulos
431 2887 463 2944 et
484 2880 601 2960 lluvios,
626 2897 681 2962 per
703 2896 810 2944 nouum
834 2879 1063 2947 meridionalem
1088 2897 1147 2942 nec

19 2989 96 3060 uper
115 2983 295 3049 Briunniam
320 2992 351 3048 et
372 2985 605 3065 Normanninm‚
635 2985 731 3050 minua
754 3003 823 3051 rara
846 3002 934 3066 quam
958 2983 1054 3048 forma
1077 3001 1148 3048 nor·

19 3077 66 3162 25⁸3
78 3087 103 3148 in
116 3087 143 3150 u
157 3089 291 3153 liet-cult
307 3089 467 3172 superiore
482 3088 521 3154 ad
535 3107 607 3152 saxa
624 3090 745 3172 saepius
760 3089 919 3152 submersa
935 3089 1059 3169 copiose
1074 3085 1147 3153 vidi

54 3205 136 3271 loct.
157 3219 270 3274 motor.
296 3210 334 3274 ad
357 3212 481 3274 aestatis
505 3210 604 3274 linem.

45 3321 109 3380 Planta
125 3348 187 3384 nunc
206 3347 349 3400 acrocnrpe
367 3349 434 3385 nunc
453 3331 607 3399 oladucarpa
627 3332 753 3400 provenit,
781 3347 934 3402 muscaeque
958 3331 1042 3382 fructu
1060 3328 1148 3383 cledo-

19 3413 43 3458 Ιθ
54 3429 98 3466 ern
113 3419 201 3472 muscia
220 3419 309 3471 fructu
322 3435 452 3488 acrogeno
470 3421 496 3472 io
514 3436 566 3472 uno
584 3420 727 3490 eodemque
741 3433 837 3488 genere
853 3417 960 3470 naturali
975 3415 1146 3486 pulcherrime

19 3495 97 3566 'utut

45 3583 191 3644 lenrumium
204 3593 398 3663 sagacissimum
411 3593 532 3648 lubenter
544 3611 600 3646 curn
613 3591 739 3662 operculo
752 3592 866 3660 decidit3
886 3601 1014 3645 structura
1027 3601 1053 3644 et
1066 3592 1146 3644 forma

19 3679 61 3722 octe
75 3693 121 3730 tun
138 3680 181 3732 illo
199 3682 334 3750 sequentia
352 3683 450 3748 speciei
470 3681 598 3745 congruit.

45 3759 170 3818 lactentem
188 3765 217 3830 β.
231 3769 344 3820 examini
362 3770 454 3826 iterum
472 3771 617 3838 iterumque
635 3767 785 3822 submissam
804 3781 850 3836 pro
868 3783 938 3820 ruera
956 3768 1081 3820 uarietate
1094 3782 1143 3819 nec

19 3851 107 3911 ”ilitio
123 3857 216 3922 propria
236 3855 381 3908 habendam
403 3872 507 3909 censeo.

211 4033 293 4098 Seot.
318 4030 359 4094 H.
405 4031 589 4093 Fructus
611 4029 879 4111 clodoqenue.

302 4171 331 4237 2
363 4167 544 4238 uinclldotus
567 4169 793 4238 loutluamtdee.

271 4293 476 4348 Trichoatomum
500 4293 616 4348 fontinal.
639 4294 727 4348 ΗΜ.
751 4293 827 4360 Stirp.

61 4403 141 4476 ullu
161 4415 484 4496 inscientem-ramosa,
516 4418 547 4479 in
570 4417 722 4499 caespites
744 4413 938 4478 fasciculatm
960 4412 1067 4476 molles
1089 4413 1144 4476 oli-

19 4515 173 4582 tlturirides
193 4525 352 4606 congestu,
376 4520 444 4602 plus
468 4521 605 4586 minusue
631 4521 781 4605 elongata,
805 4517 924 4582 lluitans
945 4517 994 4582 vel
1016 4517 1144 4582 intexis

883 4621 937 4674 1³·
