<?xml version="1.0" encoding="UTF-8"?>
<!DOCTYPE html PUBLIC "-//W3C//DTD XHTML 1.0 Transitional//EN"
    "http://www.w3.org/TR/xhtml1/DTD/xhtml1-transitional.dtd">
<html xmlns="http://www.w3.org/1999/xhtml" xml:lang="en" lang="en">
 <head>
  <title>
</title>
<meta http-equiv="Content-Type" content="text/html;charset=utf-8" />
  <meta name='ocr-system' content='tesseract 3.04.00' />
  <meta name='ocr-capabilities' content='ocr_page ocr_carea ocr_par ocr_line ocrx_word'/>
</head>
<body>
  <div class='ocr_page' id='page_1' title='image "./synopsismuscoru01schigoog_0479.png"; bbox 0 0 3106 5370; ppageno 0'>
   <div class='ocr_carea' id='block_1_1' title="bbox 348 377 1039 452">
    <p class='ocr_par' dir='ltr' id='par_1_1' title="bbox 348 377 1039 452">
     <span class='ocr_line' id='line_1_1' title="bbox 348 377 1039 452; baseline -0.01 -11"><span class='ocrx_word' id='word_1_1' title='bbox 348 377 411 441; x_wconf 73' lang='grc'><strong>800</strong></span> <span class='ocrx_word' id='word_1_2' title='bbox 840 383 1039 452; x_wconf 83' lang='lat' dir='ltr'><strong>Splaebnaeaao.</strong></span> 
     </span>
    </p>
   </div>
   <div class='ocr_carea' id='block_1_2' title="bbox 347 555 1529 642">
    <p class='ocr_par' dir='ltr' id='par_1_2' title="bbox 347 555 1529 642">
     <span class='ocr_line' id='line_1_2' title="bbox 347 555 1529 642; baseline -0.006 -20"><span class='ocrx_word' id='word_1_3' title='bbox 347 559 460 626; x_wconf 91' lang='lat' dir='ltr'><strong>humidi</strong></span> <span class='ocrx_word' id='word_1_4' title='bbox 492 558 817 642; x_wconf 87' lang='lat' dir='ltr'><strong>depresso-incurvi,</strong></span> <span class='ocrx_word' id='word_1_5' title='bbox 856 559 928 622; x_wconf 91' lang='lat' dir='ltr'><strong>sicci</strong></span> <span class='ocrx_word' id='word_1_6' title='bbox 957 556 1065 621; x_wconf 86' lang='lat' dir='ltr'><strong>rellexi</strong></span> <span class='ocrx_word' id='word_1_7' title='bbox 1102 555 1243 639; x_wconf 72' lang='lat' dir='ltr'><strong>capsulae</strong></span> <span class='ocrx_word' id='word_1_8' title='bbox 1277 557 1433 639; x_wconf 82' lang='lat' dir='ltr'><strong>adpressi,</strong></span> <span class='ocrx_word' id='word_1_9' title='bbox 1465 561 1529 616; x_wconf 77' lang='lat' dir='ltr'><strong>aba</strong></span> 
     </span>
    </p>
   </div>
   <div class='ocr_carea' id='block_1_3' title="bbox 346 659 1530 850">
    <p class='ocr_par' dir='ltr' id='par_1_3' title="bbox 346 659 1530 850">
     <span class='ocr_line' id='line_1_3' title="bbox 346 659 1530 747; baseline -0.002 -21"><span class='ocrx_word' id='word_1_10' title='bbox 346 667 504 747; x_wconf 83' lang='lat' dir='ltr'>purpurei,</span> <span class='ocrx_word' id='word_1_11' title='bbox 527 665 622 729; x_wconf 84' lang='lat' dir='ltr'><strong>nitidi.</strong></span> <span class='ocrx_word' id='word_1_12' title='bbox 668 665 782 747; x_wconf 89' lang='lat' dir='ltr'><strong>Sporae</strong></span> <span class='ocrx_word' id='word_1_13' title='bbox 804 662 1020 744; x_wconf 85' lang='lat' dir='ltr'><strong>laeviusoulae,</strong></span> <span class='ocrx_word' id='word_1_14' title='bbox 1045 664 1185 744; x_wconf 86' lang='lat' dir='ltr'><strong>minutae,</strong></span> <span class='ocrx_word' id='word_1_15' title='bbox 1210 663 1409 746; x_wconf 82' lang='lat' dir='ltr'><strong>sulphureae.</strong></span> <span class='ocrx_word' id='word_1_16' title='bbox 1447 659 1530 740; x_wconf 83' lang='lat' dir='ltr'><strong>liryul</strong></span> 
     </span>
     <span class='ocr_line' id='line_1_4' title="bbox 349 765 671 850; baseline 0.003 -19"><span class='ocrx_word' id='word_1_17' title='bbox 349 786 414 832; x_wconf 91' lang='lat' dir='ltr'><strong>eur.</strong></span> <span class='ocrx_word' id='word_1_18' title='bbox 437 767 486 850; x_wconf 88' lang='lat'>111,</span> <span class='ocrx_word' id='word_1_19' title='bbox 509 769 581 832; x_wconf 76' lang='lat' dir='ltr'><strong>lab.</strong></span> <span class='ocrx_word' id='word_1_20' title='bbox 597 765 671 832; x_wconf 76' lang='lat' dir='ltr'><strong>aad.</strong></span> 
     </span>
    </p>
   </div>
   <div class='ocr_carea' id='block_1_4' title="bbox 343 885 1548 2330">
    <p class='ocr_par' dir='ltr' id='par_1_4' title="bbox 348 885 1547 1182">
     <span class='ocr_line' id='line_1_5' title="bbox 348 885 1536 973; baseline -0.009 -17"><span class='ocrx_word' id='word_1_21' title='bbox 348 891 536 973; x_wconf 84' lang='lat' dir='ltr'><strong>Spluehoum</strong></span> <span class='ocrx_word' id='word_1_22' title='bbox 551 899 704 955; x_wconf 75' lang='lat' dir='ltr'><strong>serratum</strong></span> <span class='ocrx_word' id='word_1_23' title='bbox 721 890 857 973; x_wconf 82' lang='lat' dir='ltr'><strong>simplex,</strong></span> <span class='ocrx_word' id='word_1_24' title='bbox 875 890 953 954; x_wconf 89' lang='lat' dir='ltr'><strong>loliis</strong></span> <span class='ocrx_word' id='word_1_25' title='bbox 969 889 1145 954; x_wconf 89' lang='lat' dir='ltr'><strong>lanceolalls</strong></span> <span class='ocrx_word' id='word_1_26' title='bbox 1164 890 1362 955; x_wconf 80' lang='lat' dir='ltr'><strong>extremitate</strong></span> <span class='ocrx_word' id='word_1_27' title='bbox 1378 885 1536 955; x_wconf 67' lang='lat' dir='ltr'><strong>serrulatisr</strong></span> 
     </span>
     <span class='ocr_line' id='line_1_6' title="bbox 479 993 1547 1079; baseline -0.004 -20"><span class='ocrx_word' id='word_1_28' title='bbox 479 997 644 1079; x_wconf 92' lang='lat' dir='ltr'><strong>sporangio</strong></span> <span class='ocrx_word' id='word_1_29' title='bbox 668 995 845 1078; x_wconf 86' lang='lat' dir='ltr'><strong>cylindrico,</strong></span> <span class='ocrx_word' id='word_1_30' title='bbox 870 994 1014 1078; x_wconf 78' lang='lat' dir='ltr'><strong>apophysi</strong></span> <span class='ocrx_word' id='word_1_31' title='bbox 1037 1002 1198 1060; x_wconf 86' lang='lat' dir='ltr'><strong>contracta.</strong></span> <span class='ocrx_word' id='word_1_32' title='bbox 1230 993 1337 1058; x_wconf 75' lang='lat' dir='ltr'><strong>fleon.</strong></span> <span class='ocrx_word' id='word_1_33' title='bbox 1356 997 1445 1077; x_wconf 82' lang='lat' dir='ltr'><strong>spec.</strong></span> <span class='ocrx_word' id='word_1_34' title='bbox 1462 993 1547 1056; x_wconf 75' lang='lat' dir='ltr'><strong>husu</strong></span> 
     </span>
     <span class='ocr_line' id='line_1_7' title="bbox 478 1097 731 1182; baseline 0 -19"><span class='ocrx_word' id='word_1_35' title='bbox 478 1118 507 1182; x_wconf 90' lang='lat' dir='ltr'><strong>p.</strong></span> <span class='ocrx_word' id='word_1_36' title='bbox 531 1097 589 1180; x_wconf 79' lang='lat'><strong>53,</strong></span> <span class='ocrx_word' id='word_1_37' title='bbox 613 1100 683 1165; x_wconf 83' lang='lat' dir='ltr'><strong>Tab.</strong></span> <span class='ocrx_word' id='word_1_38' title='bbox 700 1098 731 1163; x_wconf 87' lang='grc'><strong>8.</strong></span> 
     </span>
    </p>

    <p class='ocr_par' dir='ltr' id='par_1_5' title="bbox 392 1203 1543 1287">
     <span class='ocr_line' id='line_1_8' title="bbox 392 1203 1543 1287; baseline -0.006 -18"><span class='ocrx_word' id='word_1_39' title='bbox 392 1205 558 1269; x_wconf 79' lang='lat' dir='ltr'><strong>Scnwneon.</strong></span> <span class='ocrx_word' id='word_1_40' title='bbox 583 1204 684 1287; x_wconf 88' lang='lat' dir='ltr'><strong>Suppl.</strong></span> <span class='ocrx_word' id='word_1_41' title='bbox 707 1203 728 1267; x_wconf 92' lang='lat' dir='ltr'><strong>l.</strong></span> <span class='ocrx_word' id='word_1_42' title='bbox 774 1203 858 1267; x_wconf 83' lang='lat' dir='ltr'><strong>Wse.</strong></span> <span class='ocrx_word' id='word_1_43' title='bbox 882 1211 913 1266; x_wconf 89' lang='lat' dir='ltr'><strong>ct</strong></span> <span class='ocrx_word' id='word_1_44' title='bbox 936 1204 1020 1267; x_wconf 81' lang='lat' dir='ltr'><strong>blora</strong></span> <span class='ocrx_word' id='word_1_45' title='bbox 1043 1203 1075 1266; x_wconf 89' lang='lat' dir='ltr'><strong>ll.</strong></span> <span class='ocrx_word' id='word_1_46' title='bbox 1100 1205 1131 1268; x_wconf 83' lang='grc' dir='ltr'><strong>Τ.</strong></span> <span class='ocrx_word' id='word_1_47' title='bbox 1178 1203 1259 1267; x_wconf 85' lang='lat' dir='ltr'><strong>Bnrn.</strong></span> <span class='ocrx_word' id='word_1_48' title='bbox 1285 1203 1393 1286; x_wconf 87' lang='lat' dir='ltr'><strong>llryol.</strong></span> <span class='ocrx_word' id='word_1_49' title='bbox 1417 1203 1493 1266; x_wconf 77' lang='lat' dir='ltr'><strong>unia.</strong></span> <span class='ocrx_word' id='word_1_50' title='bbox 1538 1214 1543 1223; x_wconf 92' lang='lat'>·</span> 
     </span>
    </p>

    <p class='ocr_par' dir='ltr' id='par_1_6' title="bbox 348 1307 1542 1478">
     <span class='ocr_line' id='line_1_9' title="bbox 348 1307 1542 1392; baseline -0.002 -22"><span class='ocrx_word' id='word_1_51' title='bbox 348 1309 416 1375; x_wconf 88' lang='lat' dir='ltr'><strong>Var.</strong></span> <span class='ocrx_word' id='word_1_52' title='bbox 432 1313 462 1386; x_wconf 81' lang='grc' dir='ltr'><strong>β.</strong></span> <span class='ocrx_word' id='word_1_53' title='bbox 477 1307 658 1391; x_wconf 70' lang='lat' dir='ltr'><strong>depellaris,</strong></span> <span class='ocrx_word' id='word_1_54' title='bbox 682 1309 775 1372; x_wconf 89' lang='lat' dir='ltr'><strong>rumis</strong></span> <span class='ocrx_word' id='word_1_55' title='bbox 798 1308 1070 1392; x_wconf 86' lang='lat' dir='ltr'><strong>gracilescentibus</strong></span> <span class='ocrx_word' id='word_1_56' title='bbox 1087 1309 1214 1372; x_wconf 80' lang='lat' dir='ltr'><strong>lluctum</strong></span> <span class='ocrx_word' id='word_1_57' title='bbox 1231 1309 1468 1392; x_wconf 80' lang='lat' dir='ltr'><strong>superantibus,</strong></span> <span class='ocrx_word' id='word_1_58' title='bbox 1487 1321 1542 1388; x_wconf 78' lang='lat' dir='ltr'><strong>erp-</strong></span> 
     </span>
     <span class='ocr_line' id='line_1_10' title="bbox 476 1412 744 1478; baseline 0.011 -3"><span class='ocrx_word' id='word_1_59' title='bbox 476 1413 542 1476; x_wconf 91' lang='lat' dir='ltr'><strong>sula</strong></span> <span class='ocrx_word' id='word_1_60' title='bbox 564 1412 744 1478; x_wconf 87' lang='lat' dir='ltr'><strong>subcernua.</strong></span> 
     </span>
    </p>

    <p class='ocr_par' dir='ltr' id='par_1_7' title="bbox 347 1515 980 1600">
     <span class='ocr_line' id='line_1_11' title="bbox 347 1515 980 1600; baseline 0 -18"><span class='ocrx_word' id='word_1_61' title='bbox 347 1519 470 1600; x_wconf 85' lang='lat' dir='ltr'><strong>Spluch.</strong></span> <span class='ocrx_word' id='word_1_62' title='bbox 493 1516 653 1599; x_wconf 69' lang='lat' dir='ltr'><strong>depellere</strong></span> <span class='ocrx_word' id='word_1_63' title='bbox 674 1517 755 1582; x_wconf 85' lang='lat' dir='ltr'><strong>Baro.</strong></span> <span class='ocrx_word' id='word_1_64' title='bbox 778 1515 877 1598; x_wconf 88' lang='lat' dir='ltr'><strong>Bryol.</strong></span> <span class='ocrx_word' id='word_1_65' title='bbox 900 1519 980 1582; x_wconf 89' lang='lat' dir='ltr'><strong>univ.</strong></span> 
     </span>
    </p>

    <p class='ocr_par' dir='ltr' id='par_1_8' title="bbox 345 1621 1153 1705">
     <span class='ocr_line' id='line_1_12' title="bbox 345 1621 1153 1705; baseline -0.002 -19"><span class='ocrx_word' id='word_1_66' title='bbox 345 1623 410 1704; x_wconf 89' lang='lat' dir='ltr'><strong>Spl.</strong></span> <span class='ocrx_word' id='word_1_67' title='bbox 434 1623 613 1688; x_wconf 68' lang='lat' dir='ltr'><strong><em>helveticum</em></strong></span> <span class='ocrx_word' id='word_1_68' title='bbox 637 1623 782 1686; x_wconf 79' lang='lat' dir='ltr'><strong>Souastos.</strong></span> <span class='ocrx_word' id='word_1_69' title='bbox 806 1621 896 1685; x_wconf 84' lang='lat' dir='ltr'><strong>Plani.</strong></span> <span class='ocrx_word' id='word_1_70' title='bbox 920 1629 1014 1705; x_wconf 88' lang='lat' dir='ltr'><strong>crypt.</strong></span> <span class='ocrx_word' id='word_1_71' title='bbox 1038 1621 1153 1686; x_wconf 81' lang='lat' dir='ltr'><strong>llelvet.</strong></span> 
     </span>
    </p>

    <p class='ocr_par' dir='ltr' id='par_1_9' title="bbox 344 1723 1546 2126">
     <span class='ocr_line' id='line_1_13' title="bbox 344 1723 1544 1810; baseline -0.004 -22"><span class='ocrx_word' id='word_1_72' title='bbox 344 1727 413 1790; x_wconf 90' lang='lat' dir='ltr'><strong>Var.</strong></span> <span class='ocrx_word' id='word_1_73' title='bbox 430 1753 455 1809; x_wconf 83' lang='grc' dir='ltr'><strong>γ.</strong></span> <span class='ocrx_word' id='word_1_74' title='bbox 473 1731 580 1792; x_wconf 75' lang='lat' dir='ltr'><strong>tenuis.</strong></span> <span class='ocrx_word' id='word_1_75' title='bbox 604 1726 702 1790; x_wconf 80' lang='lat' dir='ltr'>Planta</span> <span class='ocrx_word' id='word_1_76' title='bbox 725 1726 867 1810; x_wconf 82' lang='lat' dir='ltr'><strong>gracilior</strong></span> <span class='ocrx_word' id='word_1_77' title='bbox 893 1725 1034 1789; x_wconf 90' lang='lat' dir='ltr'><strong>humilior</strong></span> <span class='ocrx_word' id='word_1_78' title='bbox 1057 1735 1177 1810; x_wconf 87' lang='lat' dir='ltr'><strong>crecta,</strong></span> <span class='ocrx_word' id='word_1_79' title='bbox 1209 1725 1469 1792; x_wconf 74' lang='lat' dir='ltr'><strong>innovationibus</strong></span> <span class='ocrx_word' id='word_1_80' title='bbox 1489 1723 1544 1784; x_wconf 81' lang='lat' dir='ltr'><strong>bre·</strong></span> 
     </span>
     <span class='ocr_line' id='line_1_14' title="bbox 473 1827 1545 1915; baseline -0.006 -18"><span class='ocrx_word' id='word_1_81' title='bbox 473 1833 626 1910; x_wconf 81' lang='lat' dir='ltr'><strong>rioribus,</strong></span> <span class='ocrx_word' id='word_1_82' title='bbox 658 1831 737 1896; x_wconf 88' lang='lat' dir='ltr'><strong>loliis</strong></span> <span class='ocrx_word' id='word_1_83' title='bbox 761 1831 950 1895; x_wconf 85' lang='lat' dir='ltr'><strong>breuioribus</strong></span> <span class='ocrx_word' id='word_1_84' title='bbox 972 1831 1136 1896; x_wconf 88' lang='lat' dir='ltr'><strong>latioribus.</strong></span> <span class='ocrx_word' id='word_1_85' title='bbox 1182 1831 1318 1915; x_wconf 78' lang='lat' dir='ltr'><strong>Capsula</strong></span> <span class='ocrx_word' id='word_1_86' title='bbox 1353 1835 1387 1895; x_wconf 92' lang='lat' dir='ltr'><strong>in</strong></span> <span class='ocrx_word' id='word_1_87' title='bbox 1413 1827 1545 1914; x_wconf 78' lang='lat' dir='ltr'><strong>pedirellt</strong></span> 
     </span>
     <span class='ocr_line' id='line_1_15' title="bbox 477 1935 1546 2020; baseline -0.003 -19"><span class='ocrx_word' id='word_1_88' title='bbox 477 1937 618 2002; x_wconf 89' lang='lat' dir='ltr'><strong>tenuiore</strong></span> <span class='ocrx_word' id='word_1_89' title='bbox 643 1936 720 1999; x_wconf 90' lang='lat' dir='ltr'><strong>haud</strong></span> <span class='ocrx_word' id='word_1_90' title='bbox 743 1954 813 2002; x_wconf 91' lang='lat' dir='ltr'><strong>raro</strong></span> <span class='ocrx_word' id='word_1_91' title='bbox 834 1936 985 2020; x_wconf 88' lang='lat' dir='ltr'><strong>longiore,</strong></span> <span class='ocrx_word' id='word_1_92' title='bbox 1010 1939 1117 2016; x_wconf 88' lang='lat' dir='ltr'><strong>minor,</strong></span> <span class='ocrx_word' id='word_1_93' title='bbox 1142 1935 1281 1999; x_wconf 88' lang='lat' dir='ltr'><strong>siccitate</strong></span> <span class='ocrx_word' id='word_1_94' title='bbox 1306 1937 1406 2002; x_wconf 83' lang='lat' dir='ltr'><strong>ualde</strong></span> <span class='ocrx_word' id='word_1_95' title='bbox 1431 1937 1546 1999; x_wconf 71' lang='lat' dir='ltr'><strong>retractu</strong></span> 
     </span>
     <span class='ocr_line' id='line_1_16' title="bbox 474 2041 917 2126; baseline 0 -22"><span class='ocrx_word' id='word_1_96' title='bbox 474 2041 632 2104; x_wconf 86' lang='lat' dir='ltr'><strong>columella</strong></span> <span class='ocrx_word' id='word_1_97' title='bbox 656 2041 748 2126; x_wconf 88' lang='lat' dir='ltr'><strong>longe</strong></span> <span class='ocrx_word' id='word_1_98' title='bbox 772 2047 917 2104; x_wconf 81' lang='lat' dir='ltr'><strong>exserta.¹</strong></span> 
     </span>
    </p>

    <p class='ocr_par' dir='ltr' id='par_1_10' title="bbox 343 2104 1548 2330">
     <span class='ocr_line' id='line_1_17' title="bbox 343 2104 1548 2232; baseline -0.008 -18"><span class='ocrx_word' id='word_1_99' title='bbox 343 2147 468 2232; x_wconf 78' lang='lat' dir='ltr'><strong>Splooh</strong></span> <span class='ocrx_word' id='word_1_100' title='bbox 496 2155 585 2210; x_wconf 80' lang='lat' dir='ltr'><strong>tenue</strong></span> <span class='ocrx_word' id='word_1_101' title='bbox 612 2145 712 2210; x_wconf 82' lang='lat' dir='ltr'><strong>Dicas.</strong></span> <span class='ocrx_word' id='word_1_102' title='bbox 736 2145 836 2228; x_wconf 83' lang='lat' dir='ltr'><strong>Crypl.</strong></span> <span class='ocrx_word' id='word_1_103' title='bbox 861 2145 933 2209; x_wconf 86' lang='lat' dir='ltr'><strong>iaso.</strong></span> <span class='ocrx_word' id='word_1_104' title='bbox 979 2143 1062 2208; x_wconf 83' lang='lat' dir='ltr'><strong>Waa.</strong></span> <span class='ocrx_word' id='word_1_105' title='bbox 1091 2151 1122 2207; x_wconf 89' lang='lat' dir='ltr'><strong>et</strong></span> <span class='ocrx_word' id='word_1_106' title='bbox 1144 2143 1229 2209; x_wconf 87' lang='lat' dir='ltr'><strong>llona</strong></span> <span class='ocrx_word' id='word_1_107' title='bbox 1255 2143 1292 2207; x_wconf 88' lang='lat' dir='ltr'><strong>B.</strong></span> <span class='ocrx_word' id='word_1_108' title='bbox 1323 2145 1362 2211; x_wconf 78' lang='grc' dir='ltr'><strong>Τ.</strong></span> <span class='ocrx_word' id='word_1_109' title='bbox 1413 2104 1548 2208; x_wconf 70' lang='lat' dir='ltr'><strong>licead</strong></span> 
     </span>
     <span class='ocr_line' id='line_1_18' title="bbox 476 2248 1125 2330; baseline -0.006 -14"><span class='ocrx_word' id='word_1_110' title='bbox 476 2251 562 2316; x_wconf 77' lang='lat' dir='ltr'><strong>Tura.</strong></span> <span class='ocrx_word' id='word_1_111' title='bbox 585 2253 680 2316; x_wconf 83' lang='lat' dir='ltr'><strong>Maso.</strong></span> <span class='ocrx_word' id='word_1_112' title='bbox 703 2249 774 2314; x_wconf 88' lang='lat' dir='ltr'><strong>Brit.</strong></span> <span class='ocrx_word' id='word_1_113' title='bbox 818 2249 899 2312; x_wconf 86' lang='lat' dir='ltr'><strong>Bnra.</strong></span> <span class='ocrx_word' id='word_1_114' title='bbox 922 2248 1022 2330; x_wconf 86' lang='lat' dir='ltr'><strong>Bryol.</strong></span> <span class='ocrx_word' id='word_1_115' title='bbox 1045 2249 1125 2312; x_wconf 82' lang='lat' dir='ltr'><strong>univ.</strong></span> 
     </span>
    </p>
   </div>
   <div class='ocr_carea' id='block_1_5' title="bbox 339 2324 1551 3605">
    <p class='ocr_par' dir='ltr' id='par_1_11' title="bbox 339 2324 1551 3501">
     <span class='ocr_line' id='line_1_19' title="bbox 431 2324 1549 2457; baseline -0.002 -19"><span class='ocrx_word' id='word_1_116' title='bbox 431 2375 536 2438; x_wconf 73' lang='lat' dir='ltr'><strong>liubit</strong></span> <span class='ocrx_word' id='word_1_117' title='bbox 560 2375 591 2436; x_wconf 90' lang='lat' dir='ltr'><strong>in</strong></span> <span class='ocrx_word' id='word_1_118' title='bbox 614 2374 707 2457; x_wconf 81' lang='lat' dir='ltr'><strong>spinis</strong></span> <span class='ocrx_word' id='word_1_119' title='bbox 738 2372 874 2436; x_wconf 90' lang='lat' dir='ltr'><strong>accrosia</strong></span> <span class='ocrx_word' id='word_1_120' title='bbox 895 2371 1034 2454; x_wconf 76' lang='lat' dir='ltr'><strong>regionis</strong></span> <span class='ocrx_word' id='word_1_121' title='bbox 1058 2371 1234 2454; x_wconf 74' lang='lat' dir='ltr'><strong>subalpinae</strong></span> <span class='ocrx_word' id='word_1_122' title='bbox 1263 2389 1328 2453; x_wconf 90' lang='lat' dir='ltr'><strong>per</strong></span> <span class='ocrx_word' id='word_1_123' title='bbox 1360 2380 1452 2437; x_wconf 88' lang='lat' dir='ltr'><strong>totas</strong></span> <span class='ocrx_word' id='word_1_124' title='bbox 1476 2324 1549 2453; x_wconf 44' lang='lat' dir='ltr'><strong>dipl</strong></span> 
     </span>
     <span class='ocr_line' id='line_1_20' title="bbox 341 2464 1549 2643; baseline -0.004 -100"><span class='ocrx_word' id='word_1_125' title='bbox 341 2495 439 2544; x_wconf 77' lang='lat' dir='ltr'><strong>zonae</strong></span> <span class='ocrx_word' id='word_1_126' title='bbox 459 2479 660 2542; x_wconf 82' lang='lat' dir='ltr'><strong>intermediae</strong></span> <span class='ocrx_word' id='word_1_127' title='bbox 682 2477 718 2545; x_wconf 88' lang='lat' dir='ltr'><strong>ad</strong></span> <span class='ocrx_word' id='word_1_128' title='bbox 735 2486 846 2542; x_wconf 86' lang='lat' dir='ltr'><strong>terram</strong></span> <span class='ocrx_word' id='word_1_129' title='bbox 864 2483 1003 2542; x_wconf 74' lang='lat' dir='ltr'><strong>stercore</strong></span> <span class='ocrx_word' id='word_1_130' title='bbox 1019 2477 1145 2540; x_wconf 82' lang='lat' dir='ltr'><strong>vaccino</strong></span> <span class='ocrx_word' id='word_1_131' title='bbox 1159 2483 1285 2539; x_wconf 85' lang='lat' dir='ltr'><strong>vetusto</strong></span> <span class='ocrx_word' id='word_1_132' title='bbox 1302 2464 1549 2643; x_wconf 42' lang='lat' dir='ltr'><strong>conspurcatus</strong></span> 
     </span>
     <span class='ocr_line' id='line_1_21' title="bbox 341 2581 1515 2666; baseline -0.001 -20"><span class='ocrx_word' id='word_1_133' title='bbox 341 2601 489 2666; x_wconf 79' lang='lat' dir='ltr'><strong>nusquam</strong></span> <span class='ocrx_word' id='word_1_134' title='bbox 511 2583 663 2666; x_wconf 85' lang='lat' dir='ltr'><strong>copiosius</strong></span> <span class='ocrx_word' id='word_1_135' title='bbox 685 2583 744 2646; x_wconf 88' lang='lat' dir='ltr'><strong>vidi</strong></span> <span class='ocrx_word' id='word_1_136' title='bbox 761 2599 848 2666; x_wconf 88' lang='lat' dir='ltr'><strong>quam</strong></span> <span class='ocrx_word' id='word_1_137' title='bbox 865 2583 895 2644; x_wconf 91' lang='lat' dir='ltr'><strong>in</strong></span> <span class='ocrx_word' id='word_1_138' title='bbox 912 2581 1003 2663; x_wconf 79' lang='lat' dir='ltr'><strong>sylvis</strong></span> <span class='ocrx_word' id='word_1_139' title='bbox 1020 2599 1115 2664; x_wconf 90' lang='lat' dir='ltr'><strong>prope</strong></span> <span class='ocrx_word' id='word_1_140' title='bbox 1129 2581 1303 2644; x_wconf 81' lang='lat' dir='ltr'><strong>Roaeeluari</strong></span> <span class='ocrx_word' id='word_1_141' title='bbox 1319 2583 1402 2666; x_wconf 79' lang='lat' dir='ltr'><strong>Alp.</strong></span> <span class='ocrx_word' id='word_1_142' title='bbox 1422 2585 1515 2647; x_wconf 82' lang='lat' dir='ltr'><strong>berne</strong></span> 
     </span>
     <span class='ocr_line' id='line_1_22' title="bbox 341 2688 1532 2770; baseline 0.005 -20"><span class='ocrx_word' id='word_1_143' title='bbox 341 2695 373 2751; x_wconf 88' lang='lat' dir='ltr'><strong>et</strong></span> <span class='ocrx_word' id='word_1_144' title='bbox 393 2689 424 2752; x_wconf 91' lang='lat' dir='ltr'><strong>in</strong></span> <span class='ocrx_word' id='word_1_145' title='bbox 449 2688 541 2770; x_wconf 87' lang='lat' dir='ltr'><strong>sylvis</strong></span> <span class='ocrx_word' id='word_1_146' title='bbox 565 2705 659 2770; x_wconf 89' lang='lat' dir='ltr'><strong>prope</strong></span> <span class='ocrx_word' id='word_1_147' title='bbox 684 2690 750 2752; x_wconf 88' lang='lat' dir='ltr'><strong>dcm</strong></span> <span class='ocrx_word' id='word_1_148' title='bbox 772 2688 927 2768; x_wconf 75' lang='lat' dir='ltr'><strong>deniquae</strong></span> <span class='ocrx_word' id='word_1_149' title='bbox 956 2703 1064 2749; x_wconf 83' lang='lat' dir='ltr'><strong>versus</strong></span> <span class='ocrx_word' id='word_1_150' title='bbox 1091 2692 1207 2767; x_wconf 86' lang='lat' dir='ltr'><strong>partem</strong></span> <span class='ocrx_word' id='word_1_151' title='bbox 1240 2689 1457 2768; x_wconf 85' lang='lat' dir='ltr'><strong>superiorem</strong></span> <span class='ocrx_word' id='word_1_152' title='bbox 1487 2710 1494 2757; x_wconf 79' lang='lat' dir='ltr'><strong>l</strong></span> <span class='ocrx_word' id='word_1_153' title='bbox 1531 2730 1532 2733; x_wconf 60' lang='lat'><em>=</em></span> 
     </span>
     <span class='ocr_line' id='line_1_23' title="bbox 340 2791 1533 2873; baseline -0.003 -18"><span class='ocrx_word' id='word_1_154' title='bbox 340 2791 476 2873; x_wconf 85' lang='lat' dir='ltr'><strong>Bavar.);</strong></span> <span class='ocrx_word' id='word_1_155' title='bbox 499 2811 561 2858; x_wconf 86' lang='lat' dir='ltr'><strong>var.</strong></span> <span class='ocrx_word' id='word_1_156' title='bbox 585 2796 615 2868; x_wconf 80' lang='grc' dir='ltr'><strong>β.</strong></span> <span class='ocrx_word' id='word_1_157' title='bbox 637 2791 712 2855; x_wconf 91' lang='lat' dir='ltr'><strong>louis</strong></span> <span class='ocrx_word' id='word_1_158' title='bbox 736 2791 865 2855; x_wconf 87' lang='lat' dir='ltr'><strong>humidis</strong></span> <span class='ocrx_word' id='word_1_159' title='bbox 888 2791 976 2854; x_wconf 80' lang='lat' dir='ltr'><strong>valde</strong></span> <span class='ocrx_word' id='word_1_160' title='bbox 999 2791 1168 2870; x_wconf 84' lang='lat' dir='ltr'><strong>umbrosis3</strong></span> <span class='ocrx_word' id='word_1_161' title='bbox 1201 2808 1266 2856; x_wconf 81' lang='lat' dir='ltr'><strong>aar.</strong></span> <span class='ocrx_word' id='word_1_162' title='bbox 1292 2797 1326 2868; x_wconf 83' lang='grc' dir='ltr'><strong>β.</strong></span> <span class='ocrx_word' id='word_1_163' title='bbox 1361 2793 1451 2857; x_wconf 89' lang='lat' dir='ltr'><strong>locis</strong></span> <span class='ocrx_word' id='word_1_164' title='bbox 1482 2793 1533 2854; x_wconf 89' lang='lat' dir='ltr'><strong>si</strong></span> 
     </span>
     <span class='ocr_line' id='line_1_24' title="bbox 341 2887 1551 2976; baseline 0.001 -16"><span class='ocrx_word' id='word_1_165' title='bbox 341 2896 447 2960; x_wconf 90' lang='lat' dir='ltr'><strong>oribus</strong></span> <span class='ocrx_word' id='word_1_166' title='bbox 476 2897 525 2960; x_wconf 83' lang='lat' dir='ltr'><strong>uel</strong></span> <span class='ocrx_word' id='word_1_167' title='bbox 558 2894 655 2962; x_wconf 87' lang='lat' dir='ltr'><strong>lorma</strong></span> <span class='ocrx_word' id='word_1_168' title='bbox 684 2895 809 2960; x_wconf 89' lang='lat' dir='ltr'><strong>normali</strong></span> <span class='ocrx_word' id='word_1_169' title='bbox 838 2897 1023 2974; x_wconf 74' lang='lat' dir='ltr'><strong>intermixta,</strong></span> <span class='ocrx_word' id='word_1_170' title='bbox 1056 2896 1122 2958; x_wconf 93' lang='lat' dir='ltr'><strong>loco</strong></span> <span class='ocrx_word' id='word_1_171' title='bbox 1153 2887 1346 2960; x_wconf 78' lang='lat' dir='ltr'><strong>Adcrabue&#39;h</strong></span> <span class='ocrx_word' id='word_1_172' title='bbox 1376 2899 1504 2961; x_wconf 84' lang='lat' dir='ltr'><strong>Sudeio</strong></span> <span class='ocrx_word' id='word_1_173' title='bbox 1550 2971 1551 2976; x_wconf 8' lang='grc' dir='ltr'>ἵ</span> 
     </span>
     <span class='ocr_line' id='line_1_25' title="bbox 340 2999 1521 3086; baseline 0.003 -23"><span class='ocrx_word' id='word_1_174' title='bbox 340 2999 568 3066; x_wconf 86' lang='lat' dir='ltr'><strong>bohemicorum</strong></span> <span class='ocrx_word' id='word_1_175' title='bbox 599 3001 635 3066; x_wconf 90' lang='lat' dir='ltr'><strong>cl.</strong></span> <span class='ocrx_word' id='word_1_176' title='bbox 674 3001 821 3065; x_wconf 82' lang='lat' dir='ltr'><strong>Sanorsan</strong></span> <span class='ocrx_word' id='word_1_177' title='bbox 851 3002 882 3062; x_wconf 94' lang='lat' dir='ltr'><strong>in</strong></span> <span class='ocrx_word' id='word_1_178' title='bbox 914 3017 1007 3064; x_wconf 89' lang='lat' dir='ltr'><strong>arena</strong></span> <span class='ocrx_word' id='word_1_179' title='bbox 1044 3017 1134 3063; x_wconf 89' lang='lat' dir='ltr'><strong>secus</strong></span> <span class='ocrx_word' id='word_1_180' title='bbox 1170 2999 1306 3064; x_wconf 85' lang='lat' dir='ltr'><strong>rivulum</strong></span> <span class='ocrx_word' id='word_1_181' title='bbox 1351 3003 1458 3086; x_wconf 88' lang='lat' dir='ltr'><strong>pulcb</strong></span> <span class='ocrx_word' id='word_1_182' title='bbox 1516 3032 1521 3051; x_wconf 81' lang='lat'><em>=</em></span> 
     </span>
     <span class='ocr_line' id='line_1_26' title="bbox 339 3103 1544 3188; baseline 0.002 -20"><span class='ocrx_word' id='word_1_183' title='bbox 339 3103 431 3188; x_wconf 84' lang='lat' dir='ltr'><strong>legit,</strong></span> <span class='ocrx_word' id='word_1_184' title='bbox 462 3107 492 3168; x_wconf 92' lang='lat' dir='ltr'><strong>in</strong></span> <span class='ocrx_word' id='word_1_185' title='bbox 517 3103 861 3186; x_wconf 81' lang='lat' dir='ltr'><strong>Hercyniuol.lln1ra,</strong></span> <span class='ocrx_word' id='word_1_186' title='bbox 891 3105 921 3167; x_wconf 93' lang='lat' dir='ltr'><strong>in</strong></span> <span class='ocrx_word' id='word_1_187' title='bbox 945 3105 1088 3169; x_wconf 85' lang='lat' dir='ltr'><strong>turlaccis</strong></span> <span class='ocrx_word' id='word_1_188' title='bbox 1114 3104 1297 3168; x_wconf 74' lang='lat' dir='ltr'><strong>editissimis</strong></span> <span class='ocrx_word' id='word_1_189' title='bbox 1333 3108 1492 3186; x_wconf 75' lang='lat' dir='ltr'><strong>Scotino,</strong></span> <span class='ocrx_word' id='word_1_190' title='bbox 1541 3112 1544 3115; x_wconf 79' lang='grc'><strong>’</strong></span> 
     </span>
     <span class='ocr_line' id='line_1_27' title="bbox 340 3208 1532 3298; baseline 0 -24"><span class='ocrx_word' id='word_1_191' title='bbox 340 3211 435 3274; x_wconf 85' lang='lat' dir='ltr'><strong>turma</strong></span> <span class='ocrx_word' id='word_1_192' title='bbox 458 3209 600 3272; x_wconf 89' lang='lat' dir='ltr'><strong>normalis</strong></span> <span class='ocrx_word' id='word_1_193' title='bbox 624 3208 699 3272; x_wconf 89' lang='lat' dir='ltr'><strong>haud</strong></span> <span class='ocrx_word' id='word_1_194' title='bbox 726 3210 880 3290; x_wconf 83' lang='lat' dir='ltr'><strong>provenit,</strong></span> <span class='ocrx_word' id='word_1_195' title='bbox 915 3211 1004 3274; x_wconf 87' lang='lat' dir='ltr'><strong>etiam</strong></span> <span class='ocrx_word' id='word_1_196' title='bbox 1033 3212 1063 3272; x_wconf 93' lang='lat' dir='ltr'><strong>in</strong></span> <span class='ocrx_word' id='word_1_197' title='bbox 1086 3209 1233 3273; x_wconf 89' lang='lat' dir='ltr'><strong>turlaceis</strong></span> <span class='ocrx_word' id='word_1_198' title='bbox 1268 3229 1375 3294; x_wconf 85' lang='lat' dir='ltr'><strong>supra</strong></span> <span class='ocrx_word' id='word_1_199' title='bbox 1403 3216 1532 3298; x_wconf 85' lang='lat' dir='ltr'><strong>regio</strong></span> 
     </span>
     <span class='ocr_line' id='line_1_28' title="bbox 341 3313 1528 3400; baseline 0.002 -22"><span class='ocrx_word' id='word_1_200' title='bbox 341 3315 515 3397; x_wconf 69' lang='lat' dir='ltr'><strong>sylvaticum</strong></span> <span class='ocrx_word' id='word_1_201' title='bbox 539 3316 570 3377; x_wconf 93' lang='lat' dir='ltr'><strong>in</strong></span> <span class='ocrx_word' id='word_1_202' title='bbox 592 3322 693 3376; x_wconf 89' lang='lat' dir='ltr'><strong>monta</strong></span> <span class='ocrx_word' id='word_1_203' title='bbox 710 3315 754 3378; x_wconf 88' lang='lat' dir='ltr'><strong>St.</strong></span> <span class='ocrx_word' id='word_1_204' title='bbox 773 3313 925 3376; x_wconf 82' lang='lat' dir='ltr'><strong>Gotlhord</strong></span> <span class='ocrx_word' id='word_1_205' title='bbox 938 3313 1010 3399; x_wconf 89' lang='lat' dir='ltr'><strong>legi,</strong></span> <span class='ocrx_word' id='word_1_206' title='bbox 1028 3331 1086 3376; x_wconf 90' lang='lat' dir='ltr'><strong>neo</strong></span> <span class='ocrx_word' id='word_1_207' title='bbox 1102 3331 1162 3378; x_wconf 91' lang='lat' dir='ltr'><strong>non</strong></span> <span class='ocrx_word' id='word_1_208' title='bbox 1177 3316 1208 3377; x_wconf 90' lang='lat' dir='ltr'><strong>in</strong></span> <span class='ocrx_word' id='word_1_209' title='bbox 1225 3316 1424 3400; x_wconf 78' lang='lat' dir='ltr'><strong>Noraegiae</strong></span> <span class='ocrx_word' id='word_1_210' title='bbox 1444 3318 1507 3400; x_wconf 79' lang='lat' dir='ltr'><strong>Alp‘</strong></span> <span class='ocrx_word' id='word_1_211' title='bbox 1518 3344 1528 3367; x_wconf 62' lang='lat' dir='ltr'><strong>a</strong></span> 
     </span>
     <span class='ocr_line' id='line_1_29' title="bbox 345 3417 922 3501; baseline -0.003 -19"><span class='ocrx_word' id='word_1_212' title='bbox 345 3419 397 3482; x_wconf 91' lang='lat' dir='ltr'><strong>ubi</strong></span> <span class='ocrx_word' id='word_1_213' title='bbox 422 3420 516 3482; x_wconf 85' lang='lat' dir='ltr'><strong>torma</strong></span> <span class='ocrx_word' id='word_1_214' title='bbox 539 3419 638 3501; x_wconf 91' lang='lat' dir='ltr'><strong>typica</strong></span> <span class='ocrx_word' id='word_1_215' title='bbox 662 3417 802 3500; x_wconf 85' lang='lat' dir='ltr'><strong>equidem</strong></span> <span class='ocrx_word' id='word_1_216' title='bbox 825 3417 922 3480; x_wconf 88' lang='lat' dir='ltr'><strong>deest.</strong></span> 
     </span>
    </p>

    <p class='ocr_par' dir='ltr' id='par_1_12' title="bbox 425 3523 975 3605">
     <span class='ocr_line' id='line_1_30' title="bbox 425 3523 975 3605; baseline -0.007 -17"><span class='ocrx_word' id='word_1_217' title='bbox 425 3527 527 3589; x_wconf 79' lang='lat' dir='ltr'><strong>Fruct.</strong></span> <span class='ocrx_word' id='word_1_218' title='bbox 551 3532 661 3589; x_wconf 76' lang='lat' dir='ltr'><strong>mutar.</strong></span> <span class='ocrx_word' id='word_1_219' title='bbox 685 3531 826 3605; x_wconf 88' lang='lat' dir='ltr'><strong>tempore</strong></span> <span class='ocrx_word' id='word_1_220' title='bbox 851 3523 975 3586; x_wconf 87' lang='lat' dir='ltr'><strong>aestivo.</strong></span> 
     </span>
    </p>
   </div>
   <div class='ocr_carea' id='block_1_6' title="bbox 699 3729 1182 3940">
    <p class='ocr_par' dir='ltr' id='par_1_13' title="bbox 699 3729 1182 3940">
     <span class='ocr_line' id='line_1_31' title="bbox 715 3729 1155 3814; baseline 0 -17"><span class='ocrx_word' id='word_1_221' title='bbox 715 3729 743 3796; x_wconf 79' lang='lat'><em>2</em></span> <span class='ocrx_word' id='word_1_222' title='bbox 774 3730 913 3814; x_wconf 72' lang='lat' dir='ltr'><strong>tartaria</strong></span> <span class='ocrx_word' id='word_1_223' title='bbox 933 3731 1155 3813; x_wconf 78' lang='lat' dir='ltr'><strong>sptaotroltes.</strong></span> 
     </span>
     <span class='ocr_line' id='line_1_32' title="bbox 699 3869 1182 3940; baseline 0.002 -18"><span class='ocrx_word' id='word_1_224' title='bbox 699 3869 828 3924; x_wconf 83' lang='lat' dir='ltr'><strong>llookaria</strong></span> <span class='ocrx_word' id='word_1_225' title='bbox 846 3869 1006 3940; x_wconf 87' lang='lat' dir='ltr'><strong>aplacbnoid.</strong></span> <span class='ocrx_word' id='word_1_226' title='bbox 1026 3872 1182 3926; x_wconf 71' lang='lat' dir='ltr'><strong>smmum.</strong></span> 
     </span>
    </p>
   </div>
   <div class='ocr_carea' id='block_1_7' title="bbox 336 3988 1550 4610">
    <p class='ocr_par' dir='ltr' id='par_1_14' title="bbox 336 3988 1550 4610">
     <span class='ocr_line' id='line_1_33' title="bbox 424 3988 1520 4080; baseline 0.01 -29"><span class='ocrx_word' id='word_1_227' title='bbox 424 3988 527 4051; x_wconf 87' lang='lat' dir='ltr'><strong>Densa</strong></span> <span class='ocrx_word' id='word_1_228' title='bbox 556 3993 697 4074; x_wconf 61' lang='lat' dir='ltr'><strong>magaria</strong></span> <span class='ocrx_word' id='word_1_229' title='bbox 729 3992 780 4054; x_wconf 85' lang='lat' dir='ltr'><strong>ael</strong></span> <span class='ocrx_word' id='word_1_230' title='bbox 812 3993 879 4056; x_wconf 87' lang='lat' dir='ltr'><strong>luxa</strong></span> <span class='ocrx_word' id='word_1_231' title='bbox 906 3999 939 4056; x_wconf 89' lang='lat' dir='ltr'><strong>at</strong></span> <span class='ocrx_word' id='word_1_232' title='bbox 969 3994 1181 4078; x_wconf 73' lang='lat' dir='ltr'><strong>irregulariter</strong></span> <span class='ocrx_word' id='word_1_233' title='bbox 1208 3997 1418 4080; x_wconf 81' lang='lat' dir='ltr'><strong>caespitans.</strong></span> <span class='ocrx_word' id='word_1_234' title='bbox 1470 4003 1520 4064; x_wconf 79' lang='lat' dir='ltr'><strong>Ca</strong></span> 
     </span>
     <span class='ocr_line' id='line_1_34' title="bbox 337 4092 1458 4177; baseline 0.013 -24"><span class='ocrx_word' id='word_1_235' title='bbox 337 4109 355 4154; x_wconf 88' lang='lat' dir='ltr'><strong>e</strong></span> <span class='ocrx_word' id='word_1_236' title='bbox 385 4093 449 4154; x_wconf 86' lang='lat' dir='ltr'><strong>basi</strong></span> <span class='ocrx_word' id='word_1_237' title='bbox 481 4092 593 4174; x_wconf 83' lang='lat' dir='ltr'><strong>pluries</strong></span> <span class='ocrx_word' id='word_1_238' title='bbox 627 4093 762 4176; x_wconf 80' lang='lat' dir='ltr'><strong>divisus,</strong></span> <span class='ocrx_word' id='word_1_239' title='bbox 795 4097 909 4177; x_wconf 88' lang='lat' dir='ltr'><strong>mollis,</strong></span> <span class='ocrx_word' id='word_1_240' title='bbox 943 4099 1144 4162; x_wconf 80' lang='lat' dir='ltr'><strong>rudiculosas.</strong></span> <span class='ocrx_word' id='word_1_241' title='bbox 1190 4099 1274 4162; x_wconf 81' lang='lat' dir='ltr'><strong>Folia</strong></span> <span class='ocrx_word' id='word_1_242' title='bbox 1306 4099 1458 4168; x_wconf 79' lang='lat' dir='ltr'><strong>flaccida</strong></span> 
     </span>
     <span class='ocr_line' id='line_1_35' title="bbox 337 4193 1549 4284; baseline 0.012 -30"><span class='ocrx_word' id='word_1_243' title='bbox 337 4193 453 4273; x_wconf 86' lang='lat' dir='ltr'><strong>viridia,</strong></span> <span class='ocrx_word' id='word_1_244' title='bbox 472 4193 637 4277; x_wconf 89' lang='lat' dir='ltr'><strong>spathulata</strong></span> <span class='ocrx_word' id='word_1_245' title='bbox 654 4205 685 4261; x_wconf 88' lang='lat' dir='ltr'><strong>el</strong></span> <span class='ocrx_word' id='word_1_246' title='bbox 700 4200 1025 4284; x_wconf 86' lang='lat' dir='ltr'><strong>elongato-spathulata</strong></span> <span class='ocrx_word' id='word_1_247' title='bbox 1042 4204 1157 4266; x_wconf 88' lang='lat' dir='ltr'><strong>sensim</strong></span> <span class='ocrx_word' id='word_1_248' title='bbox 1170 4204 1549 4274; x_wconf 83' lang='lat' dir='ltr'><strong>lanceolato-acumiaau</strong></span> 
     </span>
     <span class='ocr_line' id='line_1_36' title="bbox 336 4297 1550 4392; baseline 0.009 -30"><span class='ocrx_word' id='word_1_249' title='bbox 336 4297 373 4362; x_wconf 91' lang='lat' dir='ltr'><strong>ad</strong></span> <span class='ocrx_word' id='word_1_250' title='bbox 396 4298 528 4362; x_wconf 87' lang='lat' dir='ltr'><strong>medium</strong></span> <span class='ocrx_word' id='word_1_251' title='bbox 557 4317 654 4384; x_wconf 87' lang='lat' dir='ltr'><strong>usque</strong></span> <span class='ocrx_word' id='word_1_252' title='bbox 684 4302 846 4368; x_wconf 86' lang='lat' dir='ltr'><strong>denticulis</strong></span> <span class='ocrx_word' id='word_1_253' title='bbox 878 4307 1085 4390; x_wconf 85' lang='lat' dir='ltr'><strong>inaequalibus</strong></span> <span class='ocrx_word' id='word_1_254' title='bbox 1117 4307 1247 4390; x_wconf 89' lang='lat' dir='ltr'><strong>byalinis</strong></span> <span class='ocrx_word' id='word_1_255' title='bbox 1279 4327 1413 4392; x_wconf 84' lang='lat' dir='ltr'><strong>grosse</strong></span> <span class='ocrx_word' id='word_1_256' title='bbox 1439 4328 1550 4380; x_wconf 74' lang='lat' dir='ltr'><strong>serr-uu</strong></span> 
     </span>
     <span class='ocr_line' id='line_1_37' title="bbox 336 4401 1534 4498; baseline 0.018 -34"><span class='ocrx_word' id='word_1_257' title='bbox 336 4401 440 4464; x_wconf 81' lang='lat' dir='ltr'><strong>liores</strong></span> <span class='ocrx_word' id='word_1_258' title='bbox 465 4404 588 4468; x_wconf 88' lang='lat' dir='ltr'><strong>masculi</strong></span> <span class='ocrx_word' id='word_1_259' title='bbox 610 4408 641 4468; x_wconf 90' lang='lat' dir='ltr'><strong>in</strong></span> <span class='ocrx_word' id='word_1_260' title='bbox 664 4407 788 4472; x_wconf 88' lang='lat' dir='ltr'><strong>ramulis</strong></span> <span class='ocrx_word' id='word_1_261' title='bbox 811 4412 977 4494; x_wconf 86' lang='lat' dir='ltr'><strong>gracilibus</strong></span> <span class='ocrx_word' id='word_1_262' title='bbox 1000 4421 1118 4477; x_wconf 89' lang='lat' dir='ltr'><strong>remote</strong></span> <span class='ocrx_word' id='word_1_263' title='bbox 1141 4413 1260 4478; x_wconf 83' lang='lat' dir='ltr'><strong>loliosis</strong></span> <span class='ocrx_word' id='word_1_264' title='bbox 1291 4419 1534 4498; x_wconf 78' lang='lat' dir='ltr'><strong>captruiitome</strong></span> 
     </span>
     <span class='ocr_line' id='line_1_38' title="bbox 336 4505 1544 4610; baseline 0.012 -42"><span class='ocrx_word' id='word_1_265' title='bbox 336 4505 465 4588; x_wconf 72' lang='lat' dir='ltr'><strong>triphylii</strong></span> <span class='ocrx_word' id='word_1_266' title='bbox 496 4507 700 4576; x_wconf 87' lang='lat' dir='ltr'><strong>bisaxualibus</strong></span> <span class='ocrx_word' id='word_1_267' title='bbox 732 4515 929 4596; x_wconf 86' lang='lat' dir='ltr'><strong>copiosiores.</strong></span> <span class='ocrx_word' id='word_1_268' title='bbox 975 4517 1104 4601; x_wconf 76' lang='lat' dir='ltr'><strong>capsula</strong></span> <span class='ocrx_word' id='word_1_269' title='bbox 1136 4519 1169 4580; x_wconf 91' lang='lat' dir='ltr'><strong>in</strong></span> <span class='ocrx_word' id='word_1_270' title='bbox 1200 4519 1368 4602; x_wconf 86' lang='lat' dir='ltr'><strong>pedicello</strong></span> <span class='ocrx_word' id='word_1_271' title='bbox 1407 4525 1544 4610; x_wconf 66' lang='lat' dir='ltr'><strong>longo«</strong></span> 
     </span>
    </p>
   </div>
   <div class='ocr_carea' id='block_1_8' title="bbox 0 0 1558 5368">
    <p class='ocr_par' dir='ltr' id='par_1_15' title="bbox 0 0 1558 5368">
     <span class='ocr_line' id='line_1_39' title="bbox 0 0 1558 5368; baseline 0 0"><span class='ocrx_word' id='word_1_272' title='bbox 0 0 1558 5368; x_wconf 95' lang='lat' dir='ltr'><strong> </strong></span> 
     </span>
    </p>
   </div>
  </div>
 </body>
</html>
