3106 5370
365 375 428 440 8δῦ
891 379 1032 450 Bryseaae.

365 558 507 621 brevibus
521 573 672 636 ramosus,
695 557 794 620 rarius
809 557 988 621 ramulosus.
1019 555 1100 618 Folia
1122 555 1268 622 inferiora
1282 564 1377 618 ovato·
1391 555 1542 636 superiora

365 662 511 745 oblongo·
534 667 566 724 et
586 660 923 745 elongato-lanceolata,
947 668 1031 726 costa
1053 661 1181 724 rubente
1204 661 1235 722 in
1259 660 1410 743 cuspidem
1432 659 1545 750 longam

364 772 482 830 remote
505 764 715 830 denticulatam
738 764 924 845 excedente,
956 766 1091 849 margine
1123 765 1321 830 subrevoluto
1348 765 1545 848 integerrima

366 870 491 954 Gapsnla
515 869 712 934 horisontalis
743 879 773 934 ct
802 869 958 948 inclinata,
989 889 1006 932 e
1036 870 1114 933 collo
1145 871 1339 958 sposangium
1367 867 1545 952 longitudine

365 977 572 1058 subsequente
604 975 735 1059 oblonga
764 975 846 1038 unde
880 975 1244 1060 elongato-pyrilormis,
1281 975 1387 1038 leniter
1421 975 1545 1050 incursa,

364 1082 444 1145 sicca
467 1083 523 1144 sub
552 1100 605 1145 oro
635 1079 712 1144 hand
743 1079 791 1143 vel
821 1099 926 1161 parum
948 1087 1123 1164 angustata,
1147 1079 1229 1144 rulo·
1253 1080 1373 1144 demum
1404 1079 1545 1142 brunnen

364 1187 456 1254 lusca.
507 1185 690 1269 Operculum
725 1186 818 1270 longe
841 1187 1026 1268 persistens,
1065 1188 1387 1266 connexo-conicum,
1429 1193 1545 1246 acutum

364 1293 499 1358 nitidum.
544 1290 683 1355 Annulus
708 1291 921 1375 fragmentarie
944 1291 1104 1356 secedens.
1150 1292 1324 1356 Peristomii
1352 1293 1467 1356 interni
1493 1309 1545 1374 pro

365 1415 472 1462 cessus
495 1397 629 1460 siccitate
652 1393 862 1459 intendentes
886 1398 1030 1460 incurvos
1050 1397 1276 1478 prominentes,
1309 1397 1409 1462 ciliola
1441 1397 1546 1482 hretia¹¹

364 1501 598 1587 appendiculata.
644 1499 1087 1583 nepoteur.1v,ran.356.
1545 1493 1546 1504 ἶ

364 1627 444 1708 Hyp.
467 1625 678 1688 intemnedium
700 1623 778 1687 doliis
802 1625 1142 1708 oblongo-acuminatis,
1171 1625 1443 1710 subintegerrinsis
1472 1635 1546 1690 nent

492 1737 692 1809 excurrente,
723 1729 886 1814 sporangio
909 1729 1070 1812 inaequali,
1093 1730 1256 1813 subpysil,
1280 1737 1409 1794 nutante
1435 1729 1546 1812 subpes

493 1835 621 1918 dolove3
646 1833 789 1916 operculo
812 1835 918 1898 conice
940 1842 1039 1898 acuto.
1077 1835 1160 1898 Wno.
1184 1843 1215 1899 et
1238 1835 1325 1898 Mosa
1347 1835 1417 1900 Bot.
1443 1837 1476 1898 T.
1491 1833 1546 1896 ‘iel

365 1941 481 2022 Bryant
503 1947 534 2004 et
556 1940 609 2003 Br.
634 1939 712 2004 Web.
735 1941 892 2003 intermesl.
916 1939 996 2002 Baro.
1013 1940 1101 2004 Mant.
1120 1949 1151 2003 et
1164 1940 1265 2022 Bryol
1281 1943 1364 2006 univ.
1385 1949 1444 2018 (ex
1458 1949 1546 2024 parte,

371 2045 497 2110 Webero
517 2045 700 2108 intermedio
722 2045 887 2109 Somvsaoa.
912 2045 1012 2128 Suppl.
1035 2045 1057 2124 l,
1081 2046 1111 2108 Ρ.
1137 2045 1171 2124 ll,
1194 2052 1215 2107 t
1239 2045 1280 2109 75
1304 2047 1433 2124 (icones
1464 2055 1530 2128 pan·

493 2149 530 2214 ad
552 2149 607 2213 Br.
631 2152 815 2232 uliginosam
836 2149 1050 2234 pertinentes).
1083 2150 1136 2214 nr.
1156 2153 1332 2234 pollescens
1357 2151 1498 2236 ejusde·

363 2251 418 2316 Br.
442 2257 654 2319 internaesls'ssm
675 2255 726 2320 Ba.
750 2264 781 2318 et
804 2255 866 2322 Son.
893 2255 992 2337 Bryol
1020 2257 1178 2322 conlo.
1224 2257 1257 2318 C.
1284 2257 1407 2322 llltscnn
1440 2261 1516 2339 Spuo
1544 2279 1545 2284 ¹

492 2359 629 2424 llsassan
653 2359 763 2436 Skand.
787 2361 827 2426 Fl.
872 2362 995 2424 Wnson
1016 2361 1056 2425 Fl.
1081 2361 1152 2426 Brit.
1546 2375 1547 2444 p

364 2461 479 2525 nmen
499 2464 655 2528 internecti.
677 2465 776 2528 Luow.
800 2464 885 2529 Cant.
909 2465 1002 2529 Musa.
1026 2465 1054 2546 l,
1078 2464 1150 2530 812.
1544 2467 1547 2542 l

451 2585 554 2648 Hodil.
579 2587 608 2649 in
632 2587 716 2650 saxis
734 2596 771 2650 et
793 2588 824 2651 in
847 2595 928 2650 terra
944 2588 1090 2651 arenariis
1105 2608 1160 2671 per
1175 2588 1334 2673 regionem
1360 2599 1547 2672 campestre!

363 2685 501 2770 Europae
535 2693 651 2755 mediae
681 2699 771 2776 atque
806 2691 1068 2775 septentrionalis:
1107 2694 1138 2755 in
1160 2693 1276 2776 Vogesi
1309 2691 1408 2756 inies.
1445 2697 1506 2776 rupi

363 2795 511 2858 arenariis
532 2797 662 2861 humidis
685 2799 863 2881 praesertim
886 2815 980 2880 prope
1003 2797 1160 2881 Bipontem
1194 2805 1283 2880 atque
1308 2689 1548 2968 licissimum}

363 2899 572 2981 copiosissime
595 2903 770 2983 observavi,
802 2901 1002 2985 pulcherrime
1026 2921 1043 2964 e
1072 2903 1109 2968 ll.
1133 2903 1314 2967 Kianelaollc
1337 2905 1488 2973 Sneciae.

364 3004 394 3066 in
417 3011 496 3068 terra
520 3026 601 3072 aren.
623 3007 753 3088 humida,
778 3007 814 3070 cl.
844 3007 987 3070 Lsnoonan
1010 3008 1106 3088 misit,
1136 3027 1154 3070 e
1185 3007 1299 3071 ditione
1329 3012 1548 3095 regiomonters

363 3107 415 3172 llr.
437 3131 455 3174 a
479 3111 663 3195 llsrnccnlrr,
688 3131 705 3175 e
730 3112 836 3177 Silesia
860 3112 948 3176 clarr.
965 3112 1057 3176 llnon
1080 3121 1112 3175 et
1133 3110 1220 3176 llnsa
1243 3116 1415 3184 miserunt

387 3293 391 3300 ¹
451 3216 554 3282 Fract.
576 3225 687 3282 motor.
710 3237 728 3280 a
750 3225 888 3300 tempore
912 3219 1028 3282 aestivo
1050 3235 1147 3300 usque
1170 3219 1201 3282 in
1223 3222 1421 3286 autumnale.

433 3337 454 3388 d
475 3339 524 3389 dtr.
544 3341 716 3406 pallescente,
735 3355 793 3391 eum
811 3354 861 3406 quo
879 3355 982 3390 museus
1001 3347 1089 3391 noster
1107 3339 1175 3392 lsaud
1186 3355 1245 3392 raso
1257 3341 1450 3409 contunditur,
1468 3345 1545 3394 dinae

362 3423 485 3476 tissimum
504 3425 566 3478 llora
586 3425 720 3492 dissuendi,
739 3424 845 3494 capsula
864 3425 979 3494 longiore
998 3443 1101 3496 semper
1119 3427 1174 3481 lese
1193 3427 1286 3482 leniter
1304 3431 1440 3498 incussa,
1463 3442 1546 3484 aton·

362 3512 521 3580 angustiore,
549 3513 620 3566 sicca
638 3513 686 3566 sul)
703 3513 801 3565 orificio
819 3513 921 3582 aequali
940 3513 981 3566 sel
1001 3515 1083 3568 solum
1102 3513 1195 3569 leuiter
1212 3525 1357 3584 coarctata,
1379 3531 1492 3574 ntusats
1506 3518 1545 3566 η’·

362 3607 446 3649 aetate
474 3597 601 3666 brunnen,
632 3599 755 3668 operculo
783 3602 873 3653 conice
900 3612 975 3654 acuto
1007 3613 1033 3656 et
1060 3603 1242 3658 subrostellato
1269 3603 1348 3676 longe
1384 3619 1447 3678 post
1473 3611 1545 3660 lami·

362 3685 529 3738 maturitatem
548 3689 711 3755 persistente,
731 3688 825 3742 annulo
843 3699 914 3743 arcte
928 3689 1082 3744 adhaerente
1095 3691 1163 3744 haud
1175 3691 1306 3761 spiraliter
1318 3697 1372 3750 sed
1389 3699 1545 3768 trag-eaor·

361 3773 509 3826 secedente.

773 3937 818 4002 ld.
839 3933 946 4020 llrpun
968 3936 1140 4006 clrslslum

743 4075 825 4129 llosss
842 4087 868 4131 et
886 4077 1008 4132 Honsssa.
1027 4077 1084 4132 nos.
1103 4079 1168 4132 Zeit

447 4193 665 4276 Caespitcsum,
689 4195 801 4261 humile
824 4201 990 4282 robustum,
1016 4201 1124 4265 elatius
1147 4201 1359 4284 gracilescens
1381 4206 1450 4288 plus
1466 4214 1543 4264 arao

362 4313 514 4360 ramosum
537 4306 568 4360 et
590 4300 789 4384 tumulosum,
822 4305 958 4368 caulibus
982 4313 1117 4370 tomento
1148 4307 1390 4372 atro-brunnco
1422 4307 1537 4392 implsu

361 4401 442 4464 Folia
465 4403 583 4468 caulina
605 4407 748 4471 interiora
771 4411 1077 4488 ovato-lanceolata,
1111 4411 1238 4476 comalio
1269 4431 1440 4478 numerosa
1469 4415 1536 4472 lea·

361 4507 495 4570 conlerta
519 4507 661 4594 oblongo·
688 4519 720 4576 et
740 4511 801 4576 late
824 4515 1176 4596 elongato-lanceolata,
1203 4517 1352 4582 ramulina
1379 4521 1440 4584 lete
1460 4526 1530 4578 msto
