3104 5364
458 411 676 468 liisaidentbbsm.
1097 407 1159 472 Μ

18 589 65 648 ioca
89 587 135 648 snb
155 603 207 649 ore
230 586 318 650 valde
342 589 520 666 condricta,
545 590 717 670 operculum
741 549 967 670 longia-ostrum.
1014 587 1062 650 Br.
1086 605 1150 647 eur.

18 691 56 753 hl.
77 689 131 752 ltli.

18 813 110 894 lypum
128 815 337 894 chorioides,
368 813 473 878 lronde
505 815 623 896 pinnata
641 789 764 878 humosa
787 822 890 878 erecta
914 813 1014 878 medio
1040 813 1155 896 pedun-

101 918 217 982 culilera
242 919 324 984 Lmu.
348 919 397 1000 Sp.
423 919 461 983 Pl.
489 917 582 984 1588.

18 1023 109 1104 lppaaaa
128 1025 304 1104 luciforme,
328 1024 461 1106 palustre
484 1026 580 1107 majus
605 1032 636 1086 et
658 1031 802 1088 erectum.
849 1023 927 1086 Dtut.
950 1024 982 1088 Τ.
1000 1021 1051 1101 34,
1076 1023 1094 1088 l.
1113 1020 1142 1086 3.

18 1127 120 1192 lcar'deras
138 1129 337 1192 odiamoa'dea
359 1128 450 1191 llanw
485 1129 522 1190 hl.
548 1128 643 1194 hond.
690 1129 768 1192 Baio.
791 1127 891 1210 Bryol
915 1128 995 1190 univ.
1043 1127 1153 1194 Harum.

97 1233 199 1299 Skand.
227 1232 271 1294 Fi.
320 1232 366 1294 Da
396 1232 504 1298 Noraa.
529 1233 599 1314 Syll.
654 1219 744 1298 Bacuf
768 1240 801 1295 et
832 1234 900 1296 Sca.
929 1232 1027 1314 Brpol.
1052 1249 1155 1312 europ.

95 1337 122 1400 G.
145 1337 262 1402 unna
288 1338 415 1418 Synops.
573 1351 576 1357 ·

18 1441 131 1504 mamam
152 1443 353 1506 mentaliter
376 1443 506 1504 Swaarz.
531 1442 617 1505 Tuan.
644 1443 740 1506 Sume.
764 1441 858 1506 Hooa.
883 1449 914 1504 et
935 1442 1020 1506 Tam.

61 1565 146 1627 lichit.
177 1565 254 1626 locis
277 1563 429 1626 umbrosis
456 1563 602 1644 humido,
635 1565 665 1626 in
694 1564 848 1646 paludosis
882 1572 913 1626 et
942 1563 1084 1626 torlaceis
1118 1563 1155 1624 ad

18 1685 88 1748 man,
109 1687 187 1749 saxa,
213 1687 369 1732 murorum
393 1669 499 1750 pedem
523 1676 554 1731 et
578 1669 719 1732 arborum
741 1669 878 1748 radices,
905 1669 1041 1750 regionis
1071 1687 1153 1729 cam-

18 1775 78 1834 auis
98 1774 183 1836 totius
205 1773 348 1856 Europae
371 1780 403 1836 et
417 1773 577 1836 Americae
600 1782 676 1855 sept.

58 1879 146 1940 raet.
168 1886 285 1942 matur.
309 1877 426 1958 hyeme.

46 2000 194 2068 llagnitndine
213 2012 241 2053 et
269 1983 452 2054 habim‘vatde
471 1999 615 2052 variabilia:
639 1999 673 2054 ln.
691 1999 756 2054 locis
786 1999 940 2066 palustribus
963 1998 1065 2066 plautae
1090 1998 1150 2052 aab·

18 2087 125 2154 aipedales
146 2091 326 2157 reperiuntur,
350 2089 375 2138 in
399 2087 549 2140 siccioribus
574 2089 616 2138 vix
643 2086 780 2154 pollicares
825 2085 955 2138 Foliorum
980 2101 1067 2155 margo
1091 2085 1148 2152 plns

18 2173 182 2229 modistinctus
196 2177 369 2243 conspicitur3
391 2174 491 2242 plantae
511 2176 580 2226 sicca
593 2173 737 2227 habitantes
750 2191 808 2226 eum
826 2173 895 2228 haud
913 2191 970 2227 raro
990 2173 1095 2242 pulchre
1110 2173 1147 2224 ln-

18 2273 106 2329 eentem,
123 2263 240 2317 latiorem
254 2271 332 2332 atque
346 2263 527 2314 distinctionem
547 2260 642 2314 hahent
660 2279 734 2329 quam
754 2261 909 2316 humiditatis
927 2261 1036 2314 incolae.

338 2421 365 2486 9.
407 2418 557 2487 llsstdens
579 2419 777 2503 polyplryllus.
828 2459 833 2468 ·

461 2534 538 2586 wna.
558 2535 583 2586 in
603 2534 651 2586 litt.

56 2627 140 2693 daulis
155 2631 256 2694 elatus
272 2637 304 2692 et
320 2630 528 2712 longissimus,
553 2630 681 2712 simplex
696 2630 744 2692 vel
760 2647 851 2711 parce
868 2645 1019 2708 ramosus,
1036 2635 1151 2692 tomen

18 2737 253 2800 so-radicolosus.
310 2735 392 2798 Folia
419 2736 574 2815 conlerta,
604 2735 885 2818 erecto-patentia,
916 2734 1074 2816 explanata
1101 2733 1150 2796 vel

18 2838 110 2918 unda,
133 2842 271 2904 siccitate
294 2841 380 2922 apice
397 2841 578 2920 subtortilia,
603 2839 937 2924 elongato-lanceolata,
961 2838 999 2902 ad
1022 2838 1152 2903 medium

18 2943 94 3005 tultra
113 2944 333 3027 conduplicata,
356 2943 434 3006 haud
458 2947 635 3027 marginata,
658 2962 774 3008 summo
797 2945 882 3027 apice
905 2943 1019 3006 minute
1042 2960 1151 3006 crenu-

18 3047 52 3120 Ε,
74 3057 148 3114 costa
170 3049 253 3114 haud
277 3048 468 3127 excedente,
491 3049 599 3112 lamina
621 3048 756 3110 verticuli
785 3049 871 3110 basin
894 3065 1004 3111 versus
1037 3049 1152 3110 sensim

18 3159 114 3225 ipustata
142 3154 220 3217 haud
251 3153 445 3217 decurrente.
497 3153 602 3216 Floras
631 3152 773 3230 masculi,
804 3153 860 3214 soli
890 3153 969 3232 noti,
999 3152 1151 3232 axillares,

18 3259 127 3334 morast,
150 3258 362 3337 subsessiles,
387 3259 553 3342 gemmulas
576 3255 726 3339 8-phyllas
750 3257 905 3334 sistentes,
935 3256 1013 3319 loliis
1036 3257 1151 3319 involu-

18 3355 90 3422 nilus
111 3367 247 3426 externis
272 3363 441 3426 minoribus
465 3361 665 3443 simplicibus,
697 3362 824 3424 internis
847 3362 913 3424 solo
936 3363 1022 3443 apice
1044 3361 1151 3426 lamina
1266 3349 1272 3358 ’

18 3463 94 3528 triadi
113 3477 239 3552 angusta
263 3467 454 3551 longiuscula
477 3465 614 3528 flexuosa
637 3466 804 3543 instructis,
827 3465 1000 3536 antberidiis
1024 3467 1149 3550 magnis,

18 3573 124 3634 lucrosis
145 3573 367 3656 paraphysatis.
411 3570 508 3652 Brpol.
533 3588 597 3633 eur.
622 3571 691 3634 Tab.
723 3569 793 3634 107.

18 3683 114 3756 hidem
131 3695 332 3777 polyphptlus
355 3691 475 3767 (Wns.)
498 3691 549 3782 Ba.
573 3699 604 3755 et
627 3692 707 3756 Scan.
731 3691 829 3772 Bryol.
847 3709 911 3754 eur.
937 3693 956 3756 l.
980 3711 1006 3756 c.

18 3785 113 3860 &dem
133 3799 343 3881 aspleniot'des
364 3817 431 3860 oar.
453 3797 649 3878 polyphylloa
671 3796 793 3859 Winson
815 3795 914 3877 Brpol.
937 3795 1010 3862 Brit.

18 3893 114 3964 helem
133 3904 332 3966 admotae
356 3901 387 3966 Ο.
411 3901 525 3966 illusa
549 3903 679 3982 Synops.

60 4021 143 4087 lichit.
164 4027 194 4090 in
216 4025 346 4108 rupibus
371 4023 498 4086 humidis
527 4024 680 4086 umbrosis
710 4022 847 4106 regionis
876 4031 1033 4088 montosae
1055 4041 1149 4109 prope

18 4117 133 4210 hapcnff
146 4131 310 4194 liiberniae
334 4129 386 4192 ubi
410 4149 465 4193 am.
489 4128 610 4192 Wnsou
636 4124 717 4192 1829
741 4128 872 4208 detexit;
901 4130 1024 4210 copiose
1055 4149 1148 4213 prope

18 4221 55 4285 'on
72 4229 259 4318 Oherplcslpn
286 4234 531 4298 Gambrovalliae.

62 4333 125 4398 dlar.
146 4341 266 4403 Wnsoa
297 4339 433 4421 speciem
456 4337 492 4401 ad
515 4341 549 4403 li.
573 4339 793 4420 asplenicidern
816 4339 873 4403 Sw.
897 4339 1011 4419 refert,
1045 4373 1084 4388 -
1108 4357 1146 4403 an

18 4434 74 4496 uel:
92 4441 123 4502 cl.
138 4443 246 4508 hucuca
272 4463 340 4506 eam
364 4444 442 4506 baud
465 4445 531 4506 aF.
556 4445 745 4522 adientoidc,
769 4451 832 4506 toto
847 4443 933 4506 coelo
957 4452 1056 4508 tamen
1080 4443 1143 4506 dis·

18 4544 69 4620 ute,
86 4545 219 4612 diversam
241 4549 351 4614 habet!
