3386 5376
607 417 798 471 Grimmlroeaa.
1226 413 1290 476 275

122 589 193 656 oet
221 591 254 656 V.
299 592 531 657 Poristomt'i
552 593 709 656 salerni
731 593 871 656 deuter
892 591 916 657 8
938 611 1030 658 mom
1048 601 1146 676 port
1167 611 1278 675 oper-

147 697 222 760 cala'
244 697 397 779 lepram
418 701 459 762 ia
480 697 520 762 16
541 699 769 779 geminatos
789 697 933 778 soloti,
967 698 1122 762 interni
1151 699 1254 762 cillo

81 836 90 866 a
206 799 245 862 16
267 801 453 884 aequalia
472 802 697 884 [ilisormio
720 799 904 864 dentibus
926 801 1186 884 oepailoopo.

445 973 489 1040 11
521 971 739 1042 trilotrtoluu
760 971 942 1053 omasum

514 1128 596 1182 una
616 1127 712 1182 como.
730 1126 769 1180 rt.
788 1127 875 1196 upon

184 1264 267 1328 Laxe
291 1269 505 1352 caespitosum,
528 1269 679 1350 caespites
703 1268 868 1331 circulares
892 1267 939 1330 vel
955 1267 1076 1332 tandem
1095 1267 1296 1351 irregulares,

108 1363 325 1449 lassescentes,
358 1371 500 1434 radiculis
530 1371 603 1436 ruiis
627 1373 790 1437 intertexti.
837 1372 938 1436 Caulis
962 1380 1083 1435 erectus
1106 1371 1154 1435 vel
1177 1371 1296 1456 longior

107 1489 121 1532 e
146 1472 207 1535 basi
229 1472 431 1538 decumbente
454 1477 638 1556 ascendens,
662 1477 726 1538 basi
749 1482 839 1556 atque
863 1475 893 1536 in
916 1491 1067 1537 ramorum
1094 1474 1191 1539 axillis
1215 1474 1295 1538 radi·

107 1576 174 1638 culis
197 1586 333 1642 saturate
356 1579 428 1642 rulis
451 1580 587 1644 obrutus.
633 1579 713 1643 Folio
738 1579 857 1644 humida
887 1583 1183 1663 recurvo-palentia,
1215 1583 1295 1644 sicca

105 1679 164 1742 laxe
187 1683 409 1765 incumbentia,
441 1703 480 1746 ex
511 1685 642 1767 oblonga
672 1684 736 1747 basi
765 1684 947 1764 lanceolata,
980 1685 1117 1768 margine
1146 1686 1293 1750 revoluta.

106 1785 201 1848 liores
223 1789 349 1851 masculi
372 1789 565 1868 terminales,
590 1788 761 1871 maJusculi‚
794 1789 872 1852 loliis
897 1783 1132 1872 perigonialibus
1156 1791 1293 1853 externis

108 1892 241 1972 rostatis,
271 1891 448 1957 antheridiis
471 1892 687 1975 paraphysatis.
732 1892 877 1978 vaginula
901 1894 1046 1977 oblonga,
1079 1891 1191 1976 pilosa,
1221 1894 1294 1958 tubo

107 1993 192 2058 brevi.
238 1996 379 2078 Colyplra
402 1997 618 2080 campanulata,
642 1998 807 2076 lutescens,
830 1997 897 2078 pilis
920 1997 1031 2079 longis,
1055 2001 1146 2078 raris,
1169 1996 1296 2079 pallidis.

108 2097 224 2180 Capsula
241 2119 418 2186 emergens,
442 2100 591 2183 pedicello
605 2100 765 2185 vaginulac
780 2101 963 2184 aequilongo
979 2101 1026 2164 vel
1041 2101 1129 2185 paulo
1145 2100 1297 2184 longiore,

108 2219 123 2262 e
145 2203 218 2267 collo
242 2204 330 2266 brevi
352 2206 452 2268 subito
476 2205 542 2268 lere
573 2205 695 2269 dilatato
726 2205 931 2269 crassiuscule
962 2213 1067 2287 ovata,
1099 2204 1297 2288 leptoderma,

105 2303 217 2388 luteola,
241 2307 396 2389 8·striata,
419 2309 500 2372 sicca
523 2327 617 2372 vacua
633 2310 786 2374 urceolata
802 2305 1052 2388 8-16·c0saaa‚
1077 2318 1187 2389 aetate,
1211 2309 1296 2374 rulo·

107 2411 191 2476 lusca.
236 2413 408 2477 Peristomii
431 2413 539 2476 dentes
567 2410 604 2476 ld
628 2413 764 2478 siccitate
788 2411 885 2476 erecti
915 2413 964 2476 vel
986 2412 1124 2476 radiatim
1146 2419 1296 2496 patentes,

107 2517 233 2601 margine
256 2515 449 2600 inaequales,
482 2517 512 2579 in
535 2517 614 2580 linea
643 2516 795 2581 divisurali
825 2517 956 2599 pertusi,
988 2515 1195 2598 lutescentes;
1229 2517 1297 2580 cilia

108 2637 122 2680 e
143 2620 250 2704 duplici
274 2624 357 2684 serie
381 2621 555 2686 cellularum
579 2619 715 2703 formata,
739 2623 856 2704 hyalino
871 2621 920 2683 vel
943 2619 1134 2700 lutescentla‚
1158 2621 1295 2686 siccitate

109 2721 331 2789 horizontaliter
353 2744 444 2808 supra
468 2725 608 2808 capsulae
631 2725 777 2790 orificium
793 2726 1018 2809 converguntia.
1051 2724 1150 2808 Brpol.
1168 2745 1233 2789 eur.
1249 2723 1296 2808 lll‚

109 2827 171 2894 lab.
188 2829 261 2896 222.

110 2945 141 3011 0.
161 2953 341 3035 armigerum
363 2949 449 3016 caule
465 2953 656 3034 snbramoso,
680 2951 759 3016 loliis
775 2951 946 3034 patentibus
962 2949 1149 3026 lanceolatts,
1165 2915 1297 3036 offulis

230 3054 511 3120 urceolam-oratis
535 3057 648 3120 striatis
671 3056 904 3134 subsessilibus,
934 3053 1066 3137 calyplra
1088 3055 1296 3138 pilosiuseula,

231 3161 411 3245 peristomio
447 3169 576 3244 utroque
600 3159 733 3224 sedecim
764 3159 897 3225 dentato.
942 3157 1036 3222 llrnrn
1073 3157 1184 3223 Coroll.
1219 3159 1298 3224 Flor.

231 3267 332 3350 Upsal.
356 3285 383 3348 p.
409 3265 459 3330 71.

146 3369 194 3438 Ba.
219 3378 251 3435 et
275 3371 339 3436 Sca.
365 3369 464 3450 Bryol.
487 3387 552 3432 eur.
598 3367 630 3430 G.
655 3367 769 3431 lltuuen
794 3369 922 3450 Synops.
961 3365 1297 3430 mamistenum.

111 3473 172 3536 llar.
195 3479 225 3553 β.
249 3474 430 3555 consertum.
476 3472 586 3536 Cautes
617 3471 711 3537 dense
739 3471 886 3550 conferti,
921 3472 1033 3552 erecti,
1065 3469 1203 3554 pulvillos
1233 3469 1298 3533 elll-

232 3579 359 3642 cientes.
405 3577 486 3641 Folia
516 3577 642 3642 densius
673 3584 834 3662 congesta,
866 3577 948 3640 sicca
978 3578 1101 3658 stricta,
1132 3576 1297 3655 imbricata,

232 3683 297 3747 sola
321 3701 434 3746 summa
457 3681 574 3762 viridia,
598 3689 721 3746 caetera
744 3681 928 3765 termginea.
967 3679 1104 3763 Calyptra
1127 3679 1297 3745 albescens.

235 3786 364 3870 Capsula
386 3787 535 3852 immersa.

52 3949 54 3956 ·
191 3909 294 3973 liubit.
318 3909 347 3972 in
371 3909 495 3992 rupibus
517 3907 646 3972 humidis
669 3925 687 3970 o
710 3907 829 3991 regioni
851 3905 1012 3988 campestri
1035 3912 1172 3969 montosa
1196 3923 1294 3989 usque
1352 3927 1357 3938 ·

112 4010 141 4072 in
160 4012 287 4095 alpinam
309 4031 407 4080 zonae
430 4012 626 4077 intermediae
642 4019 732 4094 atque
748 4010 1008 4093 septentrionalis:
1037 4027 1130 4092 prope
1153 4009 1298 4074 llolmiam

114 4121 142 4178 et
161 4117 307 4199 Upsaliam
329 4117 381 4180 ubi
403 4117 438 4182 cl.
461 4117 555 4180 Manis
578 4115 708 4196 detexit,
731 4115 840 4180 dehinc
863 4115 892 4177 in
916 4114 1050 4198 pluribus
1073 4115 1148 4178 loeis
1172 4115 1298 4178 sueciae

114 4225 196 4302 atque
219 4220 390 4286 liinlnndiae
414 4229 585 4304 repertum3
609 4220 639 4283 in
662 4219 789 4284 molibus
806 4219 972 4304 graniticis,
995 4219 1082 4282 uallis
1098 4219 1301 4284 Mttnatertltol

117 4323 223 4408 Vogesi
254 4325 422 4408 superioris
452 4323 584 4403 (Bennoi,
614 4324 644 4385 in
674 4323 842 4405 Hercyniae
874 4323 950 4386 ualle
978 4323 1131 4386 Bodetlrol
1160 4321 1298 4402 (ΗΜ),

117 4427 228 4507 ipsein
252 4435 353 4494 mouto
377 4427 506 4510 Speluga
531 4425 672 4490 lllaetiae
695 4424 732 4490 ad
755 4425 870 4488 initium
893 4425 1235 4509 vallamaricam,
1269 4434 1301 4491 et

119 4547 177 4596 rur.
198 4537 227 4612 β.
247 4535 280 4598 in
302 4539 403 4598 monte
427 4532 540 4596 Attalo
562 4547 671 4596 uersus
687 4531 785 4594 Ponte
798 4529 836 4594 ad
850 4530 961 4594 limites
977 4533 1111 4616 regionis
1128 4530 1299 4614 sylvaticae.

1036 4635 1090 4688 18·
