3374 5366
368 374 408 447 lfl
876 383 1050 445 Pissessesoa

439 557 583 618 vmiesstes
602 565 629 613 et
648 556 744 616 tornes
768 555 870 626 planus
894 557 971 628 hujus
995 560 1116 628 copiosas
1139 559 1329 635 nonnulisque
1352 559 1495 630 miebiles,
1519 561 1572 618 sod

366 644 438 702 nulls
455 661 543 700 urum
560 645 624 702 setis
641 645 760 698 «iniusta
784 656 860 716 etque
885 657 1004 700 constans
1029 656 1056 700 ut
1078 664 1124 718 pro
1147 651 1250 718 propris
1274 651 1362 720 specie
1386 649 1503 702 habenda
1525 650 1572 704 sit-

364 720 471 786 ΙιιὶιιιιΙ
495 750 552 785 cum
577 749 640 785 cura
657 731 742 786 denuo
759 748 848 784 omnes
865 735 1012 801 comparavi
1034 733 1171 804 multisque
1190 735 1255 790 locis
1278 737 1409 790 innumere
1427 738 1574 804 specimina

365 820 434 890 legi,
460 829 486 873 et
502 819 571 872 houd
587 835 645 872 raro
663 820 690 871 in
708 819 798 871 eodem
823 820 937 886 caespite
955 821 1063 888 iormss,
1091 838 1124 874 ne
1142 822 1226 875 dicam
1251 825 1403 892 varietates,
1422 823 1573 894 complures

363 907 509 974 observavi,
527 907 606 976 inque
622 905 713 959 eadem
730 905 816 974 planis
834 907 952 974 cepsnlas
964 907 1096 976 pediculis
1113 919 1201 978 secto,
1218 910 1285 964 elias
1302 909 1435 980 pedieeiis
1448 919 1569 978 curvato,

364 997 688 1070 inurente-erasque,
706 992 770 1051 ielis
788 993 865 1062 lossge
884 1005 910 1048 st
927 995 1044 1052 breviter
1061 997 1203 1064 cupidate,
1221 997 1322 1055 cecinna
1342 997 1571 1055 sismiIliusetrnn

363 1081 490 1154 intedrum
509 1091 535 1135 et
553 1081 654 1135 caulem
670 1079 745 1149 plura
763 1079 861 1133 millim.
885 1067 1032 1136 metientem
1062 1083 1125 1138 vidi.
1160 1083 1223 1138 Sola
1246 1101 1306 1141 oss·-
1329 1085 1488 1156 ps'is'fersss‚
1507 1101 1571 1138 cuns

364 1171 451 1226 lonnis
468 1171 522 1225 suis
540 1170 657 1238 diversis,
675 1169 729 1220 suis
746 1166 810 1221 locis
829 1179 948 1222 constans
967 1179 1081 1241 apparet,
1107 1170 1175 1225 unde
1193 1171 1261 1226 haud
1279 1173 1420 1226 wirundum
1438 1181 1478 1228 est
1496 1172 1569 1244 quod

363 1269 482 1314 suctores
498 1255 614 1310 nonnulli
632 1255 840 1324 praestantissimi
860 1273 916 1309 essn
936 1273 981 1324 pro
1000 1257 1088 1324 specie
1106 1257 1224 1310 distincta
1241 1257 1399 1312 habuissent.

434 1345 539 1398 l’lsntse
558 1359 604 1412 pro
622 1359 693 1395 more
713 1341 867 1412 complures,
885 1341 963 1410 3-6,
982 1360 1014 1396 ex
1032 1345 1123 1396 eodem
1140 1353 1236 1413 puncto
1248 1347 1396 1415 vegetation
1412 1354 1573 1398 sumuntur·

363 1435 398 1488 ts
414 1442 444 1486 nt
462 1431 544 1486 esulis
562 1431 596 1490 sis
612 1431 696 1482 lsdms
715 1430 770 1484 inssi
787 1429 885 1482 divisus
902 1431 1028 1484 videatur.
1055 1429 1128 1484 Folia
1140 1447 1208 1485 nnnc
1221 1431 1337 1502 longiora
1349 1449 1420 1487 usuc
1435 1434 1568 1500 menius,

364 1521 482 1576 mollin
500 1518 673 1585 solidiossre,
697 1517 754 1570 imi
777 1517 914 1572 albicantia
940 1519 1015 1586 spice
1037 1518 1203 1576 succulentos
1220 1521 1313 1576 viridis
1336 1519 1380 1576 uel
1398 1522 1569 1588 ruissoesiis,

364 1610 486 1662 inferiora
514 1615 598 1662 setsto
627 1606 961 1674 ferrugineo-luscescentie
988 1607 1168 1674 reperiuntur;
1201 1608 1374 1662 exsiccatione
1402 1608 1569 1676 complicata,

365 1697 443 1750 seriis
470 1695 551 1748 modis
579 1702 684 1746 curuata
702 1702 729 1745 et
746 1691 911 1760 subtusqusta
940 1693 1060 1744 evadunt.
1103 1691 1176 1746 Folia
1202 1712 1298 1748 summa
1323 1695 1419 1748 iormse
1443 1693 1569 1747 normalis

363 1783 549 1851 poriclsseiium
574 1779 688 1832 clausum
711 1776 938 1846 subpemmiiorrne
964 1779 1094 1847 capsulam
1122 1779 1199 1849 longe
1224 1781 1347 1850 superans
1375 1781 1513 1851 effingunt,
1541 1783 1569 1832 in

363 1885 430 1924 ssrr.
452 1870 473 1934 β
491 1879 518 1922 ct
535 1884 555 1937 ps
572 1868 685 1936 petentia
703 1876 729 1919 et
747 1867 839 1935 partim
857 1865 953 1918 redens
972 1866 1172 1933 conspiciuntur,
1190 1867 1217 1918 in
1235 1883 1289 1921 sar.
1308 1865 1326 1919 d
1344 1867 1476 1936 cspsnlssn
1495 1878 1569 1921 arcte

365 1955 593 2024 circumcingentis
610 1969 717 2023 umque
735 1951 792 2004 ssln
811 1954 886 2020 spice
905 1951 1055 2005 decolorato
1071 1955 1226 2021 supenntis.

435 2041 563 2112 Gapsuiss
588 2043 667 2096 iorms
691 2042 775 2094 verim
797 2041 864 2094 inter
885 2040 1045 2108 spisericsro
1069 2050 1095 2094 et
1117 2040 1380 2110 sphaerico-omisso,
1405 2041 1479 2096 color
1500 2042 1570 2094 iuter

365 2131 540 2202 imaginentur
552 2128 750 2196 etrutilsntem3
769 2127 914 2195 pedicellus
937 2143 1004 2180 nuuc
1016 2126 1139 2198 regiuuls
1161 2128 1204 2180 six
1222 2127 1331 2200 longior,
1349 2146 1416 2184 nunc
1434 2128 1475 2182 bis
1493 2138 1568 2182 terve

363 2218 523 2288 longitudine
547 2232 603 2270 essu
626 2231 751 2286 superans
777 2213 942 2282 conspicitur.
980 2211 1101 2283 Calyptra
1125 2225 1215 2268 exacte
1239 2215 1440 2284 cucullffnrmis,
1466 2217 1510 2268 vix
1534 2216 1568 2268 sd

363 2301 472 2362 median
489 2301 622 2373 capsulam
646 2310 775 2371 porrecta,
795 2301 845 2354 cito
864 2300 1000 2355 delabitur.

770 2493 798 2561 3.
834 2491 981 2560 iissem
1003 2491 1154 2576 nryeides.

839 2632 922 2685 licens
943 2631 980 2685 Pl.
1000 2642 1082 2702 crypt.

393 2817 396 2826 .
453 2755 696 2840 Gscspitulosum
720 2761 751 2818 et
773 2756 963 2837 osespiians,
997 2757 1151 2838 caespites
1172 2771 1385 2838 nonnunqum
1408 2754 1504 2838 inope,
1523 2753 1567 2819 is·

365 2869 456 2944 tenue
471 2861 603 2940 extensi,
624 2859 692 2942 pius
708 2859 845 2927 minusve
861 2859 1052 2940 condensati,
1080 2866 1226 2941 suturate,
1250 2859 1400 2923 uiivaceo·
1416 2867 1448 2924 et
1464 2858 1566 2922 tusco-

365 2965 489 3041 mines,
513 2965 633 3030 Pioniae
657 2963 730 3030 5-
745 2963 785 3028 10
808 2965 918 3031 millim.
940 2963 1029 3045 aliae,
1054 2947 1205 3047 simplices
1228 2960 1276 3025 vel
1299 2963 1433 3048 divisse,
1464 2969 1566 3027 aetate

364 3069 583 3138 decumbentes
606 3087 686 3152 eque
708 3069 774 3134 basi
795 3069 985 3146 inponentes.
1023 3055 1105 3134 Folia
1129 3069 1274 3136 inferiora
1289 3069 1413 3152 minuta,
1435 3074 1566 3148 remota,

364 3174 653 3254 sumomonte,
685 3191 801 3237 summa
833 3173 925 3238 multo
959 3175 1092 3258 majora,
1123 3173 1390 3261 erecto-patentia
1420 3173 1469 3236 uei
1498 3172 1567 3256 plus

365 3281 505 3348 minusue
519 3279 724 3358 conniventis,
748 3278 896 3363 oblcnpo-
912 3283 944 3342 et
959 3277 1295 3362 monasio-lanceolata,
1319 3295 1464 3360 concers,
1487 3295 1566 3343 ner·

364 3387 437 3472 gine
458 3386 581 3469 integro
601 3401 740 3464 recusus,
764 3390 849 3449 costa
872 3384 903 3446 in
925 3383 1081 3465 cuspidem
1102 3391 1303 3466 procurrente
1326 3383 1483 3462 instructa,
1507 3382 1567 3444 reti

365 3490 417 3556 ilio
440 3487 654 3573 praecedentis
678 3487 821 3552 densiore
845 3495 936 3570 atque
959 3486 1114 3552 solidiore.
1151 3487 1220 3552 Flos
1237 3486 1388 3552 musculus
1410 3485 1442 3550 in
1465 3485 1566 3570 planta

359 3593 487 3690 juvenili
509 3592 685 3673 terminalis,
715 3593 802 3657 caule
826 3593 957 3658 femineo
979 3592 1035 3656 sub
1051 3609 1089 3656 eo
1105 3592 1284 3676 egrediente
1307 3591 1345 3658 sd
1367 3591 1445 3657 latus
1461 3591 1566 3676 dejec-

363 3707 427 3781 tos,
448 3699 491 3764 iis
512 3704 546 3763 ut
568 3698 699 3770 undenis
720 3697 868 3776 uidoaiur,
891 3695 1128 3762 fructificationis
1152 3703 1289 3780 tempore
1311 3696 1490 3780 plerumque
1515 3714 1565 3760 se-

364 3805 594 3874 nidesusctus.
641 3802 780 3886 Gaiyptra
801 3801 981 3887 majuscula,
1014 3801 1052 3866 sd
1074 3801 1202 3868 mediam
1231 3801 1386 3885 capsulam
1407 3799 1564 3883 producis,
1601 3857 1608 3866 .

363 3909 530 3975 lutescens.
565 3906 694 3990 capsula
715 3905 746 3969 in
769 3905 916 3988 pedicedo
932 3905 1128 3971 solidiuscuio
1142 3913 1229 3970 recto
1244 3923 1422 3990 emergens,
1444 3923 1567 3970 emerss

364 4017 416 4084 uei
436 4021 497 4084 uss
521 4019 654 4094 esuris,
679 4017 796 4090 erecta,
825 4011 932 4092 usalis,
953 4011 1086 4096 cisionps
1109 4017 1141 4076 ot
1162 4010 1469 4096 obtonpccionpsts,
1493 4027 1567 4076 sen·

364 4122 422 4186 sim
444 4122 475 4186 in
497 4125 631 4184 rostrum
647 4115 800 4198 obliquum
822 4117 964 4180 mutinum
980 4115 1132 4201 elongate,
1154 4115 1253 4198 badia,
1276 4133 1380 4200 opaca.
1418 4115 1567 4200 Vspusuis

363 4223 478 4304 Ιπονίκ,
499 4237 614 4286 crassa.
657 4218 756 4301 lirini
772 4237 835 4282 eur.
867 4219 972 4301 Veli,
996 4219 1066 4286 Teb-
1090 4217 1120 4286 6.

369 4347 525 4412 sturm
541 4343 686 4424 dryoides
708 4341 837 4424 capsulis
860 4343 992 4419 exsertis
1014 4343 1127 4406 ereciis
1150 4340 1285 4408 ossiibus
1309 4341 1463 4423 rostratis,
1487 4343 1568 4408 loliis

498 4447 662 4531 cuspideiis
677 4447 895 4526 srecuusculie
912 4446 1049 4512 caulibus
1064 4445 1314 4528 subsinpiicibus.
1345 4445 1447 4512 Dross.
1464 4446 1567 4532 erm

497 4555 569 4618 issc.
587 4549 619 4634 4,
643 4551 714 4616 Tab.
735 4549 782 4633 10,
806 4552 824 4614 i.
844 4549 872 4616 3.
929 4553 1094 4616 Scuwsnsn
1118 4551 1216 4638 suppl.
1264 4551 1344 4616 Nm
1366 4559 1399 4616 et
1419 4553 1567 4618 noussen
