3236 5356
585 351 715 405 Adtende.

212 524 336 587 speeies
352 523 525 578 nonnullae
541 519 646 578 adhue
664 523 790 584 stalle·
808 528 914 580 sotum
934 531 1088 591 repertae.

490 646 630 716 llrlnnlu
651 648 805 728 pumice

148 786 298 868 caespites
338 788 438 868 magni
476 795 683 850 tumescentes
715 788 966 867 lusco-virides,
1000 787 1119 851 inlcrne
1157 789 1244 855 lusci.

71 889 158 951 Planta
179 897 279 953 erecta
302 891 430 972 simplex
452 893 550 954 rarius
574 893 623 954 bi·
654 898 685 954 et
706 894 871 974 tripartita,
903 895 1008 956 uncias
1037 892 1151 957 3-8
1174 894 1244 974 alta,

68 994 189 1072 robusta,
213 996 309 1058 denso
332 1003 363 1058 el
385 995 576 1060 uniformiter
592 996 711 1078 foliosa,
736 1017 826 1080 parce
842 996 990 1062 radicans.
1027 996 1107 1062 Folia
1123 998 1244 1062 humida

66 1100 306 1180 recurvopatnla
330 1100 411 1164 sicca
435 1108 511 1164 torta
535 1109 567 1162 et
590 1103 787 1184 subcrispata‚
811 1102 1145 1185 elongato-lanceolata,
1170 1121 1242 1166 con·

66 1217 129 1263 cava
151 1205 264 1284 apicem
286 1221 397 1268 versus
419 1205 671 1288 subcomplicata‚
704 1213 788 1270 costa
822 1207 918 1269 valida
948 1225 1044 1288 usque
1067 1205 1103 1268 ad
1127 1207 1242 1288 apicem

65 1304 206 1388 producta:
224 1309 316 1372 dorso
335 1312 448 1373 minute
464 1309 618 1392 papillosa,
643 1311 716 1372 retis
733 1309 821 1373 ualidi
838 1311 948 1374 areolis
965 1311 1093 1372 minimis
1110 1329 1242 1394 superne
1299 1336 1305 1351 1

62 1413 407 1494 croso-punctilormlbus
432 1413 479 1477 vel
502 1415 678 1493 stellulatis,
702 1416 767 1478 basi
790 1414 1111 1478 sinuoso-linearibus.

64 1533 181 1601 Pnrlulu
203 1535 335 1598 vinealia
357 1555 424 1598 oar.
447 1539 592 1618 plociolic
614 1537 647 1599 ll.
672 1537 779 1600 Srauca
802 1537 898 1600 lliusci
921 1555 1017 1618 pyren
1040 1535 1095 1600 No.
1122 1535 1191 1600 185.

61 1635 190 1702 Barbula
213 1659 383 1722 squamosa
407 1641 515 1716 (Baro.)
539 1641 748 1704 nonnullorum
773 1643 801 1703 in
826 1639 930 1702 sched.

59 1741 223 1806 Dimunum
244 1746 417 1825 speciosum
438 1755 470 1808 et
499 1745 609 1808 Wcieio
631 1746 748 1810 nocua
770 1765 836 1810 our.
859 1745 1006 1826 pipantcu
1026 1743 1110 1807 aliur.

137 1863 239 1927 Habit.
271 1867 299 1928 in
333 1859 439 1950 alpinis
468 1885 558 1930 secus
590 1875 766 1946 caucasias,
795 1867 887 1949 inque
910 1867 975 1930 aliis
1004 1865 1078 1930 locis
1108 1865 1240 1950 irrigatis

54 1969 121 2029 satis
145 1971 279 2050 copiose.

118 2089 206 2144 Planta
225 2093 415 2160 speciosissima
434 2093 521 2144 habitu
540 2059 568 2144 et
586 2091 673 2144 colore
693 2093 772 2142 uari.
792 2092 919 2158 fallacem
937 2091 1083 2158 giganteam
1101 2089 1237 2154 mentiens,

52 2177 92 2226 sed
112 2177 232 2232 loliorum
251 2189 351 2234 textura
370 2180 447 2249 longe
465 2198 479 2232 a
498 2179 616 2234 Burbulir
635 2179 731 2232 distans
749 2187 776 2230 et
793 2179 849 2230 rinc
867 2176 945 2231 dnbio
963 2178 993 2230 acl
1013 2176 1163 2228 Grimntiu
1179 2191 1239 2242 peu·

51 2262 142 2330 tineas,
171 2266 239 2319 inter
262 2284 326 2336 quas
349 2266 468 2322 loliorum
492 2268 658 2320 consistentia
681 2276 757 2336 atque
782 2263 939 2317 areolationc
963 2263 1114 2316 ursaniae
1131 2269 1239 2318 ctum

50 2351 106 2402 ralia
125 2353 210 2406 allicis
230 2352 337 2406 ridetur.

417 2525 678 2596 ltlcrtuoionllun
702 2525 870 2594 instalum.

573 2667 615 2736 Sp.
633 2683 709 2720 nova.

128 2789 290 2872 caespites
314 2797 520 2853 tumescentes
545 2791 715 2853 subscricei
739 2807 866 2852 amoene
890 2787 1062 2849 lulcscenli-
1093 2782 1139 2846 vel
1167 2801 1235 2866 gra·

46 2893 289 2970 mineo-virides,
314 2893 431 2957 interne
455 2902 541 2976 stupa
566 2895 734 2957 radiculosa
759 2891 925 2955 rulo-lusca
950 2889 1113 2951 intertexti.
1151 2887 1235 2948 Plan-

43 3003 136 3059 tarum
163 2999 282 3060 habitus
306 3005 337 3060 et
359 2999 533 3081 magnitudo
557 2999 640 3062 valde
664 2997 814 3060 variabilis
836 2997 957 3058 omnino
974 2995 1012 3055 D.
1030 2993 1234 3072 loupiroclris.

41 3099 119 3166 Folia
146 3103 353 3181 subsecundo,
378 3103 475 3166 minus
500 3104 632 3186 fragilia,
656 3119 673 3164 e
697 3101 760 3163 basi
783 3100 901 3182 paulum
925 3097 1099 3180 angustiore
1123 3093 1151 3155 in
1175 3095 1232 3156 ari-

41 3213 115 3268 stam
142 3208 265 3290 longam
289 3207 384 3272 latero
408 3215 438 3269 et
462 3207 554 3270 dorso
577 3213 682 3290 argute
706 3211 853 3266 serratam
877 3201 1027 3264 exeuntia.

128 3329 234 3392 flabit.
273 3328 310 3391 ad
348 3347 439 3412 rupes
474 3328 610 3391 humidas
643 3330 672 3390 in
705 3325 925 3388 Ammertlmler
956 3322 1021 3386 Oeal
1054 3321 1233 3402 Pinzgoviae

37 3431 104 3504 (Dr.
130 3435 298 3512 Sermusa),
322 3433 352 3495 in
376 3433 558 3497 Sudelorum
582 3434 649 3496 loco
671 3431 862 3494 llcusclteuer·
882 3427 947 3504 (llr.
965 3425 1078 3493 lltcnal.

108 3553 224 3606 liecetlit
241 3571 255 3606 a
274 3554 307 3608 ll.
326 3553 488 3622 locuple-ostri
508 3551 577 3606 loliis
595 3550 783 3620 cognationibus
806 3550 887 3602 minna
909 3547 999 3600 solidis
1017 3547 1083 3602 haud
1107 3546 1232 3614 deciduis,

36 3643 122 3694 minus
143 3640 294 3708 nitentibus,
313 3642 338 3694 in
357 3642 458 3694 aristam
477 3641 556 3695 denae
576 3651 601 3694 ct
622 3649 712 3710 argute
731 3647 852 3692 senatum
871 3635 1009 3703 productis.

495 3813 568 3877 Gen.
604 3811 783 3878 lllYURlUll.

527 3953 601 4006 Sedis
619 3954 741 4006 incertae.

128 4075 224 4138 lluacl
248 4075 436 4156 pleurocarpi
461 4075 540 4138 loliis
564 4075 660 4139 dense
692 4073 854 4138 imbricatis
875 4073 996 4156 julacei.
1042 4072 1123 4136 tolia
1145 4071 1232 4136 valde

32 4197 177 4242 concava
201 4177 518 4242 subcooltlearilormia
541 4179 640 4244 subito
664 4181 694 4242 in
716 4179 865 4260 apiculum
887 4177 1056 4242 illiormem
1077 4175 1230 4259 producte,

31 4282 240 4362 nitidissima,
273 4290 357 4348 costa
391 4282 468 4346 nulla
501 4284 550 4348 uel
572 4283 670 4362 tenui,
706 4283 781 4346 retis
805 4283 982 4366 perangusti
1009 4281 1099 4346 solidi
1120 4279 1229 4346 areolis

29 4385 301 4450 vermicularibus.
348 4385 452 4450 Flores
476 4393 508 4449 et
531 4386 645 4451 fructus
668 4387 773 4474 ignoti.
