3336 5352
385 371 408 426 X
900 357 1108 426 lffl'

385 561 493 610 reuma
515 545 688 629 anpuuticra
709 545 814 628 sicque
830 545 878 610 erl
902 543 1208 626 circumscriptionem
1238 541 1481 626 lcuglmulmteu
1510 539 1574 604 imi·

347 653 348 658 ’
385 651 474 713 untia
497 655 530 712 ut
551 649 581 710 in
602 649 689 729 Bryc
712 650 856 729 walin,
879 649 986 712 cuuliu
1006 648 1054 710 vel
1077 649 1214 730 elllpdca
1235 653 1362 729 utraque
1383 645 1574 710 extremitate

383 751 542 818 rotundatu
564 752 699 835 aequali,
727 751 904 816 diametrum
932 751 1168 816 transversalem
1195 749 1403 833 longitudinuli
1425 750 1470 812 bis
1493 749 1574 811 circe

384 857 565 938 superantia,
590 856 724 936 cdloapu
739 873 865 938 quorum
881 855 1025 920 diameter
1040 854 1271 938 lcnpindmllc
1293 853 1491 920 transverseli
1514 859 1574 914 ter·

384 967 550 1044 quaterque
572 960 691 1044 longior
713 959 822 1040 euadit,
845 962 990 1042 clancule
1014 976 1091 1040 quac
1108 957 1293 1042 lungitudine
1309 975 1363 1022 sua
1390 957 1574 1022 latitudinem

385 1064 545 1146 quinquies
575 1070 606 1125 el
635 1063 729 1146 magis
757 1063 924 1143 excedunt,
958 1063 1085 1126 duculiu
1111 1069 1142 1124 el
1171 1063 1305 1126 loricata
1336 1061 1404 1125 lulla
1435 1061 1575 1144 clangere

384 1174 511 1250 auprrsta
533 1184 659 1248 aequum
682 1165 748 1232 lere
771 1167 955 1231 latitudinem
978 1185 994 1230 a
1017 1167 1082 1230 basi
1102 1183 1199 1246 usqne
1221 1166 1258 1229 ad
1274 1167 1391 1248 apicem
1406 1171 1573 1228 monstran-

384 1271 435 1352 tia,
458 1273 593 1334 damma
614 1269 733 1334 linealia
754 1271 967 1354 angustissima
991 1277 1062 1336 sunl
1085 1270 1194 1333 lineam
1217 1269 1376 1353 degentia,
1400 1269 1575 1334 meante

386 1395 403 1440 c
426 1375 493 1438 basi
515 1375 644 1457 oblonga
668 1375 697 1438 in
720 1375 834 1456 apicem
856 1375 1105 1438 acnlumsensim
1121 1381 1289 1456 angustata,
1310 1374 1403 1437 lcrms
1419 1373 1575 1455 iumagus

385 1495 558 1544 muscetum
580 1496 706 1542 numero
728 1478 825 1558 ocur,
848 1479 992 1542 ιιιὸιιιαια
1020 1485 1089 1540 sunl
1118 1478 1242 1541 linearia
1270 1479 1300 1541 in
1324 1476 1479 1560 cuspidem
1502 1492 1573 1540 acu-

384 1591 442 1646 tum
458 1581 634 1665 plerumque
650 1581 759 1646 leniter
773 1590 924 1646 curvatum
940 1581 1120 1662 desinentia,
1143 1589 1177 1644 ul
1193 1601 1228 1644 ea
1245 1583 1274 1644 ln
1295 1581 1394 1646 multis
1410 1579 1572 1676 speciebus

382 1685 581 1772 anpuutllcllls
604 1693 783 1766 occurrunt,
805 1688 983 1767 spcldulutu
1004 1705 1022 1748 e
1045 1686 1109 1750 basi
1132 1685 1233 1748 lineali
1256 1687 1369 1749 sensim
1392 1685 1517 1748 eborata
1541 1691 1575 1746 ut

382 1792 412 1854 in
435 1790 534 1854 multis
556 1789 713 1852 Pottlaceis
736 1797 767 1852 ct
789 1789 942 1871 limesia,
966 1796 1099 1854 cuneum
1121 1789 1286 1870 spetlrulata
1307 1787 1479 1852 abbreviata
1494 1795 1574 1854 sunt

468 1891 645 1958 Innumerae
668 1901 826 1975 praetcrea
848 1893 952 1956 harum
982 1893 1142 1956 lcrmarum
1165 1893 1347 1956 variationes
1369 1899 1401 1954 et
1422 1891 1574 1956 coaduna-

381 1999 480 2062 tiunes
509 1997 635 2078 dantur,
663 2013 738 2079 quas
766 1995 936 2060 nominihus
960 1997 1135 2078 compositis
1160 1995 1292 2061 Butemd
1315 1996 1493 2080 designant,
1524 2013 1574 2056 ex.

381 2119 426 2186 gr.
449 2102 584 2166 adauctu
605 2119 662 2164 seu
685 2102 806 2163 inversu
828 2105 926 2178 ulau,
950 2101 1221 2182 ecclc-ollonpc-
1237 2107 1269 2164 el
1285 2103 1574 2182 eldepado-luncue-

380 2208 456 2284 lutc‚
478 2205 816 2268 lanceolata-sulutem
837 2210 894 2266 ele.

467 2307 545 2372 llarc
576 2307 643 2372 lolia
675 2307 796 2370 omniuo
823 2307 908 2388 plana
937 2307 1179 2390 conspiciuntur,
1214 2309 1390 2392 plerumque
1421 2327 1573 2385 casceca,

380 2413 527 2476 carinula
549 2420 582 2476 et
603 2413 923 2486 casinate-concurs,
945 2411 1202 2492 sudccmplicutu‚
1226 2415 1405 2490 convoluta,
1429 2413 1575 2476 coellec-

380 2518 524 2596 rs'scrrnlc
554 2523 584 2577 et
611 2515 766 2578 cecullclu
795 2533 830 2578 ea
852 2515 985 2592 videbis,
1015 2517 1152 2598 margine
1182 2533 1260 2580 nunc
1290 2517 1388 2596 planu
1417 2533 1496 2580 nunc
1518 2518 1573 2580 la·

380 2639 487 2697 curce,
509 2619 556 2682 vel
579 2635 716 2697 recurva,
732 2597 819 2680 'nunc
842 2621 982 2683 incolatu
996 2620 1045 2685 vel
1067 2621 1217 2684 rccclulu.
1255 2619 1339 2683 lluud
1362 2637 1433 2684 reru
1452 2621 1573 2700 plicatu

378 2724 427 2786 rel
458 2725 579 2788 uncte
609 2729 698 2802 sunl,
732 2721 815 2804 pllcls
847 2742 953 2806 nempe
986 2732 1017 2787 et
1039 2723 1132 2787 sulcis
1165 2723 1417 2808 lungitudinalitcr
1448 2729 1571 2786 exarata

379 2828 496 2909 (lippa.
520 2830 687 2906 luterem,
719 2830 819 2890 ndens
842 2847 869 2889 e.
894 2847 931 2892 m.
955 2833 997 2900 ιι.)
1029 2847 1145 2909 mpetu
1167 2835 1198 2891 et
1219 2829 1373 2891 eadelm
1403 2828 1486 2911 rugis
1522 2829 1572 2892 vel

379 2931 467 2995 undis
490 2929 744 2996 transversalibus
769 2938 867 2995 notata
901 2933 1073 3006 (Neclecrue
1094 2931 1256 3013 plurimae,
1291 2933 1371 3013 Hyp.
1396 2939 1571 3012 mmai),

378 3037 528 3100 undulata
561 3037 611 3098 ubl
642 3035 726 3099 solus
760 3049 864 3118 margo
886 3036 1042 3099 flexuosus
1080 3035 1179 3100 evadit
1212 3036 1344 3109 (netem
1375 3037 1569 3116 eadm,
1615 3119 1619 3126 ι

377 3139 535 3204 Atriclrum
542 3141 748 3217 andeleium),
765 3143 872 3220 crispe
886 3157 1014 3222 quorum
1027 3157 1132 3222 murga
1149 3138 1312 3222 profundus
1328 3139 1422 3222 plicas
1438 3139 1571 3202 exhibet.

465 3243 568 3327 llargc
592 3244 729 3308 loliorum
752 3243 799 3306 vel
823 3250 904 3306 telus
926 3246 1044 3324 inleper
1065 3260 1122 3306 seu
1145 3243 1237 3307 laevis
1260 3250 1318 3322 est,
1342 3243 1390 3306 vel
1407 3243 1470 3306 sula
1485 3251 1571 3325 purte

378 3347 535 3430 superiore
559 3348 606 3410 vel
630 3354 692 3410 tcto
707 3346 834 3411 circuilu
849 3355 997 3423 serratus,
1019 3349 1170 3424 mutus,
1195 3349 1381 3424 crematum,
1407 3365 1477 3410 raro
1491 3348 1570 3412 usd-

378 3453 501 3516 ct'liutus
522 3451 569 3514 vel
592 3453 734 3522 cilicises
761 3459 901 3514 serratus
927 3459 975 3514 est
996 3469 1064 3515 cum
1085 3451 1211 3515 cellulae
1243 3451 1439 3534 egredientes
1463 3449 1570 3514 molles

379 3553 427 3617 vel
450 3554 515 3636 ρΙιιε
539 3555 635 3618 minus
658 3553 852 3622 solidilrcutae
875 3553 959 3636 apice
982 3561 1070 3618 uculo
1086 3555 1304 3619 extremitatem
1328 3555 1389 3618 lulli
1404 3555 1572 3636 respiciunt

379 3659 519 3739 (Epicur.
542 3667 712 3739 emmas,
737 3661 851 3722 Malum
872 3665 1025 3722 amatam
1047 3664 1137 3738 etc),
1165 3661 1305 3724 dcmclu
1335 3677 1404 3722 curn
1426 3658 1569 3725 denticuli

378 3761 557 3846 marginales
579 3763 670 3846 patuli
693 3764 851 3844 minusque
873 3763 1066 3845 approximatl
1089 3771 1175 3842 sunl;
1207 3781 1311 3846 usurpo
1334 3771 1470 3827 serratus
1494 3781 1568 3828 sae·

379 3867 514 3948 pissime,
539 3867 677 3931 dentulus
700 3885 769 3932 raro
793 3867 958 3944 invenitnr3
981 3869 1124 3948 spinosus
1146 3875 1194 3930 est
1215 3885 1282 3930 cun
1305 3866 1413 3930 dentes
1437 3885 1569 3932 comeus

376 3978 547 4052 pungentes
562 3971 639 4036 hand
656 3971 899 4054 reruduplicatus
915 3972 1268 4052 (duplicato-spinosus)
1291 3971 1420 4052 praebet
1435 3972 1568 4046 (llsim

376 4077 544 4156 spinosum,
567 4075 771 4157 Polptrlclrc),
793 4075 972 4138 mdcllictu
988 4071 1147 4138 denticulis
1169 4074 1317 4158 elongatis
1335 4073 1473 4138 mollibus
1496 4075 1568 4158 lipa-

376 4177 443 4242 linis
475 4179 624 4254 (Fudrcrt
650 4181 781 4261 pusille)
810 4185 841 4242 et
870 4179 993 4242 cilicias
1019 4195 1087 4240 cum
1109 4177 1252 4243 denticuli
1275 4181 1305 4242 ln
1327 4179 1392 4242 cilia
1415 4179 1569 4244 articulata

375 4283 626 4348 uanslcrmamnr
648 4283 826 4363 (liedrcr'piu
847 4283 970 4358 dlieln,
993 4281 1087 4345 saur.
1110 4285 1228 4362 cilicia,
1251 4285 1376 4366 spica.
1400 4285 1567 4362 elllutsau).

463 4387 542 4454 lulis
580 4388 759 4468 melsula
791 4393 941 4450 vocantur
981 4384 1030 4449 illa
1070 4403 1196 4468 unorum
1227 4387 1354 4452 cellulae
1388 4385 1568 4466 mmplueles

375 4490 500 4557 luricam
523 4491 718 4574 coloremque
747 4490 930 4574 pecullarem
953 4491 1079 4558 induunt
1099 4491 1326 4575 marginemque
1347 4490 1414 4573 plus
1431 4489 1568 4554 minusue
