3080 5370
470 293 662 350 Grimmiaceec.
1102 299 1163 362 215

60 469 187 536 specimina
206 469 336 522 iructiiera
354 487 420 538 quae
440 470 473 524 cl,
492 469 616 524 linusano
637 473 685 524 sub
710 474 811 526 nomine
830 475 881 526 Gr.
900 474 1031 529 incurvae
1049 478 1161 534 Scuwoa.

24 559 74 610 ine
90 558 156 624 misit,
175 573 225 608 nou
243 558 273 608 ad
293 558 405 624 speciem
425 558 555 610 benesed
574 559 605 610 ad
625 560 674 610 Gr.
694 561 888 628 trieboppllam
905 563 1040 630 pertinent.

59 644 80 696 lu
97 645 210 698 bonorem
229 644 331 698 clariss.
351 643 380 697 G.
401 645 521 698 binnan
538 646 695 714 gavalienals
714 648 884 701 denominata.

381 855 429 920 2⁰.
459 853 599 922 annau
621 854 739 924 elatior.

359 993 480 1048 Trichost.
500 997 632 1048 incurvum
651 996 772 1048 nomam.

70 1115 197 1195 liobusta,
214 1116 274 1180 late
289 1118 471 1198 caespitosa,
490 1119 641 1200 caespites
665 1118 734 1198 lani,
758 1116 1002 1199 incohaerentes,
1026 1119 1162 1184 eiusco-

21 1221 69 1280 iridi
87 1228 285 1284 canescentes.
319 1220 418 1284 caulis
435 1241 524 1304 poree
547 1240 698 1304 ramosus,
723 1222 893 1306 elongatus,
917 1241 934 1284 e
957 1222 1023 1286 basi
1039 1222 1162 1287 decum-

21 1331 72 1384 ante
90 1323 231 1388 denudata
258 1325 438 1388 ascendens.
478 1327 558 1390 Folia
581 1327 788 1410 subaequalis,
812 1326 1000 1414 longissima,
1023 1335 1162 1392 curvato-

20 1430 111 1508 atentia,
133 1448 149 1490 e
172 1430 237 1492 basi
266 1430 397 1512 oblonga
423 1431 704 1494 catinulo-concava
728 1430 864 1514 margine
888 1431 1025 1494 revoluta
1046 1433 1161 1517 longis-

20 1533 59 1593 ine
77 1532 244 1616 lanceolata,
273 1535 668 1616 subcomplicato-carinata,
691 1536 721 1597 io
743 1535 834 1617 pilum
850 1535 974 1620 longum
988 1535 1161 1600 sublacvem

19 1637 133 1717 minoto,
158 1639 215 1702 reti
240 1639 362 1702 basileci
385 1639 684 1723 lineari-rectangulo
709 1641 878 1723 marginem
900 1657 1009 1704 versus
1032 1639 1162 1706 dilatato.

19 1739 98 1822 [pule
119 1750 211 1822 ovata,
240 1741 422 1822 10-costata,
447 1743 525 1804 sicca
542 1742 671 1827 oblonga
694 1743 844 1828 profunde
868 1743 993 1824 sulcata,
1016 1744 1162 1827 operculo

18 1843 163 1908 daciculari
179 1848 228 1909 vel
246 1847 534 1925 mutico-conoideo,
559 1847 669 1910 annulo
684 1849 854 1930 composito
876 1848 1044 1912 revolubili.
1081 1849 1161 1912 Peri·

20 1954 77 2012 boii
95 1951 196 2016 dentes
226 1950 393 2031 latiusculi‚
426 1951 492 2015 solo
520 1952 604 2033 apice
634 1954 750 2034 pertusi
773 1952 822 2014 vel
845 1950 928 2032 lissi,
957 1953 1031 2016 sicci
1060 1951 1161 2034 patuli.

19 2053 371 2135 meffim

19 2173 209 2242 brianonum
232 2181 413 2257 incurvum,
442 2186 551 2241 trunco
577 2195 699 2240 ramoso
721 2175 923 2257 ascendente,
955 2165 1034 2239 loliis
1058 2183 1161 2240 ovato-

101 2282 273 2347 lanceolatis
296 2283 422 2367 pilileris
445 2283 570 2365 patulis,
600 2281 730 2363 capsulis
754 2281 915 2346 curvisetis
937 2281 1049 2361 oratis,
1073 2299 1161 2363 oper-

103 2388 164 2451 culo
187 2389 338 2452 subulato.
384 2387 527 2450 llonnsca.
550 2386 654 2450 Botan.
679 2385 753 2449 zeii.
776 2385 813 2468 ll,
835 2405 864 2470 p.
880 2382 931 2450 89.

21 2485 151 2572 lyptodou
171 2497 322 2556 incurvus
343 2491 423 2556 Baro.
448 2490 546 2574 Bryol.
570 2507 634 2554 eur.

21 2595 256 2679 manutenetis
278 2616 339 2660 var.
363 2602 391 2673 β.
414 2597 543 2661 robusto
565 2597 609 2660 Da
631 2595 740 2662 Norna.
765 2594 835 2678 Syll.

20 2693 153 2765 iactation
172 2701 223 2768 Ba.
250 2711 283 2764 et
300 2703 363 2766 Son.
387 2700 484 2784 Bryol.
509 2720 614 2785 europ.
660 2701 691 2762 C.
715 2699 803 2760 libau.
828 2697 954 2778 synope.

69 2821 155 2886 llobit.
178 2823 215 2887 ad
240 2839 335 2904 rupes
353 2840 518 2904 quareosas
541 2841 595 2903 per
613 2821 772 2905 regionem
788 2818 974 2901 subalpinam
989 2819 1162 2900 sylvaticum

20 2915 93 3002 lipiun
113 2927 277 3006 llelvetiae,
304 2927 495 3006 Germaniae,
521 2926 754 3008 Pyrenaeorum
778 2926 807 2988 in
832 2943 908 2988 zona
932 2931 1078 3005 septentr.
1107 2942 1162 3004 per

20 3027 125 3108 igionem
168 3039 341 3094 monunam
386 3039 476 3114 atque
512 3039 732 3114 campestrem:
773 3029 927 3110 copiosius
968 3027 1039 3089 mibi
1073 3027 1161 3088 obvia

20 3137 54 3190 nl
69 3135 91 3192 in
109 3137 221 3216 Alpium
245 3136 344 3199 latere
369 3135 556 3198 meridionali
581 3153 668 3216 quam
699 3135 729 3195 in
761 3131 1006 3214 septentrionali,
1040 3150 1087 3194 ex.
1112 3149 1157 3211 gr.

20 3238 72 3314 'ipe
85 3237 197 3302 Audeo·
218 3241 250 3302 in
269 3239 412 3302 Rboetiae
437 3260 474 3302 m.
492 3241 638 3320 Splitgen,
662 3255 756 3319 prope
773 3235 900 3298 Bononio
917 3233 1159 3313 Vallis-tellinae,

20 3330 134 3404 ibono
160 3345 314 3423 Dosaolo,
347 3345 377 3406 in
404 3343 481 3406 valle
511 3344 646 3406 lliaocco
675 3348 752 3420 etc,
783 3342 814 3402 in
844 3339 1006 3420 Pyrenaeis
1034 3337 1158 3418 copiose

19 3434 126 3510 benaci
140 3466 231 3532 propo
248 3448 409 3530 Bapne'res
425 3449 462 3512 de
477 3447 611 3529 Bigorra
634 3455 664 3509 et
687 3444 723 3510 B.
741 3445 778 3508 de
794 3445 930 3522 menon,
954 3441 985 3503 iu
1007 3440 1159 3525 Norvegia

20 3543 64 3608 ina
82 3552 296 3632 Christianiam,
320 3555 352 3614 in
373 3553 449 3616 valle
474 3551 779 3626 Guldbrondeduleu,
807 3551 839 3610 in
863 3547 970 3611 Suecia
993 3544 1030 3608 ad
1061 3544 1158 3608 lacrum

20 3645 107 3717 lurra
126 3664 154 3720 et
174 3659 203 3721 in
226 3665 291 3721 tota
315 3657 428 3721 ditione
451 3655 629 3735 bolmiensi3
654 3671 712 3717 neo
734 3654 765 3716 in
783 3653 905 3734 Vogeso
927 3667 985 3712 nec
1008 3651 1038 3711 in
1056 3649 1157 3731 Sylva-

18 3751 71 3832 fiau
88 3761 146 3826 ridi

74 3865 158 3930 leuet.
179 3876 291 3932 motor.
316 3865 411 3948 primo
434 3882 516 3929 vere.

62 3983 99 4034 Gr·
115 3990 246 4042 b'ebultsii
272 3985 402 4041 simillima
420 3996 446 4037 et
470 3987 550 4053 primo
567 3986 624 4038 visu
643 3993 738 4038 tautum
762 3980 850 4035 babitu
872 3979 1014 4032 robustiore
1039 3979 1159 4050 ioliiaque

17 4065 112 4126 bonnm
126 4078 203 4130 tinais
225 4077 362 4142 distinctu
389 4073 473 4126 diiiert
493 4084 622 4126 caeterum
645 4072 713 4124 loliis
732 4067 889 4138 longioribus
913 4066 965 4134 pilo
983 4064 1100 4144 nublaevi
1123 4067 1159 4116 iu-

17 4159 92 4224 tuna
107 4159 197 4218 toribus
215 4165 320 4231 diolcia,
338 4163 477 4231 peristomii
497 4160 616 4215 dentibus
635 4161 716 4212 minua
735 4156 889 4226 regulariter
906 4153 998 4222 biildis,
1022 4153 1088 4206 baud
1102 4169 1158 4206 raro

18 4243 66 4304 'litt
80 4249 180 4304 tribracis
193 4263 219 4306 et
236 4251 379 4306 clatbratis.
