3104 5364
897 280 1050 332 Pottiaeeae.

771 493 844 558 Gen.
869 493 898 559 2.
942 491 1172 558 EUCLADIUM.

828 631 872 684 Ba.
892 643 919 685 er
937 633 991 684 Sca.
1011 631 1053 684 Be.
1072 648 1126 684 aar.

463 759 583 822 Plantae
607 757 703 819 dense
733 757 955 840 caespitantes,
986 755 1228 818 innovationibus
1260 755 1401 836 repetitis
1426 753 1546 814 multone

376 864 546 927 dichotome
577 878 716 924 ramosae
744 862 838 936 tunde
868 877 978 923 nornen
1012 881 1046 923 ευ
1079 866 1111 921 et
1134 861 1275 938 κλαδος).
1323 856 1406 922 Folia
1433 857 1546 918 ostiara.

377 967 640 1050 erecto-patentia,
664 965 995 1042 lanceolata-subulam,
1020 981 1125 1026 erasse
1149 972 1280 1041 castata,
1306 961 1426 1043 rigida,
1450 961 1547 1044 frapfra

378 1072 548 1152 sublaevia,
572 1079 657 1153 parte
680 1070 838 1152 superiore
863 1068 1074 1152 irregulariter
1097 1067 1257 1149 quadrato·
1274 1074 1304 1128 et
1326 1065 1548 1130 ovato-areolae

377 1176 635 1260 ottorophytloaa,
658 1176 723 1238 basi
747 1175 842 1236 laxius
867 1181 966 1253 texta,
991 1172 1117 1254 hyalino.
1164 1173 1268 1236 flores
1292 1172 1396 1237 dioici.
1441 1170 1549 1250 Calpen

378 1282 536 1346 cucullata.
583 1281 711 1362 Coponio
735 1280 794 1342 alte
818 1277 1006 1359 pediceilata,
1039 1285 1153 1358 erecta,
1178 1285 1277 1358 ovata,
1302 1277 1413 1356 ovalis,
1438 1275 1548 1338 solidior·

377 1388 451 1451 enia.
496 1385 635 1449 Annulus
658 1390 871 1467 perangustus.
911 1381 1094 1465 Operculum
1118 1382 1365 1446 subufirostrunr.
1413 1377 1550 1444 Peristoni

379 1491 488 1552 dentes
512 1487 654 1570 obliquati
677 1506 767 1569 supra
791 1486 932 1570 capsulae
949 1483 1095 1550 orificium
1112 1487 1312 1564 confluentes,
1336 1487 1546 1550 iineaii-lanceo

380 1595 447 1674 fati,
476 1594 573 1677 plani,
603 1601 727 1672 tenues,
761 1591 940 1670 sublaeves,
970 1597 1086 1654 remote
1110 1597 1138 1652 et
1163 1590 1282 1673 oblique
1307 1591 1475 1668 articulati,
1495 1589 1550 1650 finer

379 1699 532 1786 dipisnraii
556 1697 739 1776 indistincta,
763 1695 897 1759 iai-trifidi
922 1703 953 1758 et
975 1697 1101 1778 pertusi,
1126 1702 1259 1758 saturate
1283 1697 1429 1774 aurentii,
1453 1695 1549 1776 trapa

378 1805 481 1886 eopici.
529 1805 642 1885 Sporae
666 1800 841 1876 minamine,
866 1801 979 1864 faeces.

379 1925 575 1989 Corcinodon
597 1922 677 1985 Baro.
700 1922 800 2004 Bryof.
825 1925 904 1986 univ.

386 2031 496 2092 Weisio
520 2031 647 2092 Scnwsa.
693 2028 772 2090 ans
796 2036 827 2091 et
850 2027 991 2090 Hoaasca.
1039 2027 1070 2090 C.
1095 2026 1217 2088 Minius.
1264 2029 1296 2090 C.
1321 2027 1460 2090 limnas

467 2133 571 2196 Genus
593 2132 798 2215 paradoxum,
828 2131 911 2194 sedis
936 2133 1085 2207 incertae,
1120 2129 1187 2192 hinc
1211 2131 1247 2192 ad
1285 2131 1436 2195 Weiaieos
1467 2129 1505 2186 ret
1527 2124 1549 2184 af

380 2240 546 2317 Bfirrdiena,
571 2238 652 2302 illinc
674 2237 711 2300 ad
738 2237 1001 2317 Didymodorrtena
1023 2245 1175 2316 spectans.

771 2443 941 2511 iactatu·
965 2391 1190 2511 rerttofffatu,

753 2583 847 2650 Bryurn
860 2583 1042 2636 vertieifiaturn
1061 2583 1129 2635 faras.
1149 2583 1198 2642 (f).

467 2709 568 2774 Gauiis
594 2707 817 2788 semiunciaifs,
848 2707 974 2769 uncialis
997 2713 1026 2768 et
1056 2707 1158 2784 altior,
1190 2705 1276 2769 vaide
1301 2721 1460 2782 ramosus,
1487 2697 1550 2760 rnnf·

379 2813 547 2898 fastigiatis.
594 2812 673 2875 Folia
703 2821 850 2895 angusta,
883 2820 967 2877 costa
991 2811 1087 2876 valida
1117 2821 1209 2876 toturn
1240 2809 1306 2874 fere
1331 2827 1441 2873 eorum
1464 2807 1550 2886 apina

377 2925 554 3000 occupante,
572 2916 751 2994 excedente,
777 2919 911 2999 arrangine
928 2917 1012 2996 apice
1030 2917 1199 3000 granatam,
1224 2917 1347 2979 inferne
1365 2919 1481 2976 rernote
1497 2909 1540 2966 fen

377 3028 456 3100 tato,
485 3021 725 3104 glauco-viridia,
751 3021 868 3084 hurnida
893 3030 920 3082 et
945 3023 1024 3083 sicca
1047 3022 1150 3084 stricta
1174 3023 1348 3084 suberecta.
1390 3015 1484 3096 Bryof.
1504 3029 1544 3072 ear

379 3126 401 3207 f,
425 3127 495 3189 fab.
521 3121 571 3189 40.

378 3249 494 3330 Bryam
517 3249 749 3326 verticiifotam,
775 3247 907 3310 antheris
932 3251 1061 3328 erectis,
1087 3248 1264 3331 pedunculis
1287 3251 1476 3312 arefactione
1496 3265 1545 3308 eu.-

509 3352 606 3430 tortis,
626 3351 703 3413 foliis
718 3353 854 3434 pififcris,
873 3353 1001 3414 surculis
1020 3353 1186 3436 fastigiatis.
1210 3354 1290 3416 faran.
1310 3355 1360 3434 Sp.
1378 3355 1416 3416 ΡΙ.
1435 3351 1504 3414 fiai
1526 3350 1535 3402 τ’

379 3458 527 3520 Grimmr'a
550 3457 736 3517 oerta'rfffoto
758 3455 845 3518 Tuan.
872 3457 964 3518 Musa.
988 3457 1053 3520 Hib.
1101 3459 1197 3520 Sarra.
1221 3457 1263 3520 Fi.
1287 3455 1361 3518 Brit.
1413 3457 1491 3536 Engi.
1506 3451 1543 3512 ΒΝ-

385 3563 494 3624 Weiaio
518 3561 703 3622 certicittoto
727 3559 803 3623 Baro.
829 3562 877 3642 Sp.
903 3561 939 3623 Μ.
988 3563 1117 3626 Scawnn.
1142 3563 1242 3645 Suppf.
1290 3561 1371 3623 Nsss
1390 3570 1421 3624 et
1437 3561 1543 3624 ffoarar

506 3661 604 3743 Bryof.
629 3681 726 3744 genn.
773 3665 815 3725 lfa
838 3663 908 3727 Nor.
956 3665 988 3727 C.
1013 3665 1126 3729 Muenna
1152 3667 1222 3748 Syn.
1271 3667 1365 3728 Wus.
1392 3661 1544 3747 {irretiat

508 3765 540 3828 C.
566 3765 672 3830 Hiera.
698 3767 805 3833 Skand.
830 3767 870 3833 ΡΙ.

379 3871 562 3936 sonutam
584 3872 800 3935 certiciffotam
822 3873 907 3936 Buca.
932 3882 962 3936 et
985 3876 1081 3940 Scaea.
1107 3874 1206 3958 Bryoi.
1231 3894 1296 3939 eur.
1322 3877 1338 3940 Ι.
1367 3901 1394 3942 e.

380 4105 478 4161 mente
502 4099 639 4160 irroratis
662 4118 717 4180 per
739 4108 829 4162 totam
854 4101 1019 4182 Europam:
1051 4103 1259 4186 copiosissime
1292 4105 1352 4188 fogi
1386 4107 1415 4166 in
1439 4123 1471 4164 m.
1490 4099 1545 4158 fut

379 4201 578 4280 ‹eonvattiaus,
611 4204 639 4264 in
665 4203 845 4285 Pyrenaeis,
870 4224 925 4287 per
948 4213 1038 4268 totam
1063 4209 1232 4290 Hispaniam
1264 4229 1312 4270 ex.
1346 4227 1393 4282 gr.
1425 4211 1451 4268 in
1479 4221 1523 4262 nu

377 4307 504 4370 humidis
527 4307 603 4370 areis
628 4307 795 4370 Alfrnrnfrrn
819 4309 854 4370 ad
882 4313 1062 4390 tia-natan,
1088 4315 1115 4374 iu
1141 4313 1235 4392 italia,
1261 4333 1315 4396 per
1340 4321 1432 4374 toturn
1457 4311 1542 4388 fiper-¹

373 4415 480 4496 jugum
517 4410 708 4491 calcarenur,
741 4413 839 4475 rariras
868 4416 898 4476 in
922 4417 1045 4498 t'ogeso
1073 4425 1101 4479 et
1129 4417 1158 4480 in
1188 4419 1379 4500 Spica-nigra
1395 4415 1498 4490 )sofan
