3140 5372
490 357 654 462 llgpnaceao.
1105 389 1168 450 558

114 572 229 648 macter
251 564 287 630 ad
311 566 397 632 basin
419 567 531 650 planis,
562 585 658 630 nervo
684 567 783 631 valido
812 567 901 647 paulo
931 564 1007 633 ultra
1038 569 1168 634 medium

114 672 285 753 tenuerim
307 671 457 755 pedicello
479 674 573 754 laeni3
597 672 741 754 operculo
765 691 782 734 e
805 671 870 737 basi
893 691 1031 738 convexo
1044 675 1168 739 -conica

113 785 238 842 cosmato
260 779 410 862 capsulam
433 778 696 861 evall-oblongam
727 777 927 840 subcernuam
950 779 1166 862 subsequente.

113 882 143 946 ll.
165 885 273 948 Smuca
303 881 398 946 blusci
421 884 585 966 pyrenaei,
617 882 671 948 No.
698 881 755 962 12,
788 888 820 945 et
850 881 929 947 Ann.
962 882 1020 946 and
1053 883 1168 968 llagaa.

111 985 173 1050 liat.
196 987 271 1052 llist.
298 982 389 1050 1849.

42 1088 143 1155 Wnsoa
164 1091 264 1174 Bryol.
286 1089 358 1154 Brit.

21 1193 152 1275 larlpacb.
174 1197 351 1259 animulam
372 1194 424 1257 Bn.
447 1201 479 1256 et
501 1195 567 1258 Son.
590 1194 688 1276 Bryol.
711 1212 775 1262 eur.

21 1297 85 1378 lppa.
104 1301 238 1380 filesceas
259 1299 367 1376 (Barm)
390 1298 421 1363 G.
446 1298 561 1362 lituae
585 1299 713 1380 Synops.

73 1421 167 1484 llcbtt.
199 1420 236 1485 acl
268 1439 361 1504 rupes
389 1422 558 1502 calcareas,
593 1421 630 1486 acl
658 1439 790 1507 aggeres
823 1429 854 1485 et
886 1440 988 1486 muros
1015 1422 1167 1507 delapsos,

21 1531 115 1588 aterna
137 1527 445 1610 argilloso-menecea
468 1543 524 1608 per
546 1527 704 1609 regionem
720 1525 950 1592 meridionalem
961 1525 1039 1591 baud
1054 1545 1167 1608 rarum,

21 1629 80 1690 uim
101 1633 128 1692 in
157 1630 353 1712 intermedia3
384 1631 414 1692 in
443 1631 606 1713 Pyrenaeis
629 1629 811 1693 centralibus
833 1649 927 1712 prope
949 1630 1108 1714 Bcpnirea
1131 1633 1169 1695 da

21 1733 111 1814 lipara
134 1737 185 1800 ubi
208 1737 244 1800 ol.
268 1736 302 1798 li.
326 1736 434 1800 Smper
456 1735 570 1817 primus
592 1736 782 1815 observavit,
815 1753 909 1818 prope
932 1735 1054 1800 Romala
1086 1735 1167 1800 unde
1194 1761 1196 1770 ’

21 1849 54 1900 ur.
73 1840 112 1903 lla
133 1841 244 1904 troam
276 1839 423 1904 onaan
455 1839 512 1904 sub
534 1841 656 1903 nomine
689 1841 768 1922 llyp.
792 1843 920 1922 strigon·
942 1842 1040 1920 misit,
1073 1859 1165 1923 prope

21 1939 133 2006 insiliam
155 1944 207 2008 ubi
229 1945 471 2026 copiosissimum
494 1945 565 2008 clar.
590 1945 700 2008 snamr
717 1943 841 2007 Grrasra
856 1945 930 2030 legit
945 1952 977 2008 et
991 1946 1167 2010 numerosis

21 2049 186 2112 criminibus
224 2049 467 2130 communicavit,
506 2067 600 2133 prope
642 2033 840 2133 Burdogalam
877 2049 1034 2129 (Douma),
1073 2067 1169 2132 prope

21 2152 105 2216 crisias
125 2154 340 2234 (Gatasmira),
364 2169 458 2236 prope
482 2155 644 2236 Killcrney
660 2153 827 2233 (Wrrsoa),
845 2154 962 2218 bristol
977 2155 1166 2234 (iuuencas),

21 2260 112 2320 nalal
140 2259 280 2334 (Μιπικ)
307 2257 499 2321 observatum
530 2265 588 2322 est,
632 2257 819 2336 EGorsica,
853 2276 871 2320 e
905 2257 1043 2322 Sardinia
1074 2265 1168 2322 etex

21 2357 99 2444 lgeria
121 2362 229 2429 babeo.

64 2467 163 2530 Fruct.
187 2473 299 2530 matur.
323 2465 419 2548 primo
442 2483 524 2529 aere.

50 2587 150 2640 llerlium
169 2597 243 2641 tenet
260 2587 325 2640 inter
344 2587 379 2638 Ε.
399 2587 549 2656 strigosum
561 2597 638 2657 atque
659 2587 693 2641 ll.
706 2590 844 2656 strictam,
865 2591 945 2658 primo
958 2591 1039 2658 majus
1051 2591 1167 2642 secundo

21 2673 73 2739 ura,
97 2676 127 2728 ab
150 2686 260 2746 utruque
283 2675 456 2730 caracteribus
481 2693 557 2746 supra
581 2677 704 2744 expositis
730 2675 806 2730 lacile
830 2673 1045 2748 distinguendum.
1085 2677 1167 2731 l'rimo

21 2775 40 2812 m
56 2763 138 2818 lonnia
157 2763 344 2818 robustioribus
362 2763 398 2816 lt.
416 2763 530 2832 atrigoea‘
548 2774 587 2818 sat
604 2763 695 2817 similo.

349 2922 377 2988 ti.
407 2920 622 3002 larbrmltuu
645 2920 793 2990 sinamu.

365 3061 429 3129 llyp.
448 3061 562 3114 striatam
581 3060 686 3114 Scurra.
705 3063 772 3131 Spic.

61 3182 228 3245 Procerum
252 3182 318 3247 laxo
340 3180 713 3266 demisso-caespitosum,
738 3187 889 3267 caespites
912 3185 1097 3268 irregulares
1121 3186 1165 3248 in-

21 3281 186 3366 haerentes,
203 3286 283 3350 laetc
299 3287 347 3350 vel
362 3285 470 3370 pallide
486 3288 609 3350 virides.
641 3289 741 3353 Planta
756 3290 847 3373 longe
864 3297 1164 3372 arcuato-prostrata,

21 3385 30 3448 l
49 3393 146 3470 partim
170 3409 356 3474 assurgens,
389 3391 741 3474 fasciculam-radimus,
766 3394 934 3458 inordinate
958 3412 1092 3474 ramosa,
1116 3394 1165 3458 bic

21 3491 40 3554 ic
65 3494 329 3575 subdendroidea,
360 3494 456 3559 dense
487 3497 610 3578 foliosa,
643 3499 765 3564 ramulis
796 3499 862 3582 plus
892 3499 988 3562 minus
1016 3498 1164 3583 elongatis

21 3599 106 3662 nicbis
128 3602 277 3684 expansis
292 3601 341 3664 vel
356 3600 543 3665 homomallis
559 3603 681 3684 erectis,
699 3603 900 3667 subtlexuosis
923 3604 1037 3685 apicem
1053 3620 1164 3667 versus

21 3707 147 3788 tenuatis,
171 3706 343 3770 stolonibus
365 3708 452 3769 raris.
484 3705 565 3771 Folia
581 3709 697 3771 caulina
713 3707 809 3772 dense
825 3709 971 3789 conferto,
988 3725 1164 3790 squamosa,

24 3809 137 3872 conlato
159 3809 339 3891 lanceolata,
363 3813 507 3874 ramulina
530 3812 851 3894 eborata-lanceolata,
874 3831 1005 3876 concava
1028 3816 1165 3896 margine

21 3929 61 3974 rna
83 3915 199 3997 pluries
224 3923 256 3978 et
269 3915 476 4000 irregulariter
492 3917 616 4000 sulcata,
640 3919 678 3992 ad
695 3918 780 3981 basin
796 3935 895 4000 usque
914 3925 1020 4002 argute
1036 3925 1164 4000 serrata,

21 4023 59 4079 sta
81 4021 108 4080 in
132 4022 252 4104 apicem
275 4019 429 4102 producta,
451 4021 655 4085 vermiculari·
678 4022 716 4087 ad
739 4023 865 4106 angulos
888 4024 1163 4105 neomagum-reti-

21 4121 78 4188 lata.
121 4125 230 4188 Floras
251 4123 528 4206 pseudo-monoici,
552 4126 675 4190 masculi
697 4127 729 4189 in
752 4127 891 4210 plantulis
914 4129 1022 4190 annuis
1045 4127 1163 4211 plantae

21 4227 122 4291 uineae
135 4227 282 4293 radiculis
298 4227 538 4296 adhaerentibus.
569 4231 785 4296 Perichaetium
797 4249 1006 4315 squamosum,
1022 4231 1163 4311 albidum,

21 4329 55 4392 iis
74 4333 204 4396 internis
226 4333 512 4418 semiraginantibus
535 4337 652 4418 apicula
675 4339 815 4422 elongato
843 4355 989 4418 recurvo,
1024 4336 1162 4400 omnibus

21 4441 127 4500 ostatis.
174 4437 314 4519 Galyptpa
344 4439 548 4522 longiuscula,
580 4439 698 4524 longius
727 4443 905 4524 persistens.
950 4442 1076 4524 Capsula
1104 4441 1163 4505 alte

21 4537 169 4616 ticellata,
204 4543 508 4627 elongato-oblonga,
540 4543 748 4626 cylindracea,
782 4544 848 4627 plus
872 4546 1007 4608 minusve
1031 4551 1163 4626 arcuata,
