3140 5372
447 405 646 458 uooleriamm.
1081 349 1143 458 :m

84 585 244 646 Scewnmn.
275 580 375 664 Suppl.
404 579 456 654 lll,
489 579 559 642 nau.
588 575 661 640 2952
706 577 756 640 lln.
791 583 821 638 el
850 578 914 638 Seu.
947 575 1045 656 llrpol.
1076 593 1141 638 eur.

83 687 112 748 C.
136 686 250 748 llumsn
273 687 400 766 synops.
446 683 568 745 Wnson
590 681 689 761 Brpol.
715 680 787 742 Brit.

29 791 107 852 ulteria
131 790 269 870 rpluclu.
293 789 377 850 Tum.
400 789 432 849 in
454 785 495 848 ul.
518 783 641 849 Hibern.

49 912 141 974 llcllit.
165 912 194 974 in
229 908 352 991 rupibus
384 907 531 986 humidis,
568 905 720 968 umbrosis
754 923 811 968 nec
841 922 902 966 non
941 903 977 966 ad
1016 903 1142 966 arbores

29 1017 132 1076 arulae:
157 1032 250 1095 prope
274 1013 389 1077 Dublin
410 1012 440 1074 in
464 1031 502 1076 rn.
525 1011 655 1074 Secuwu
676 1008 727 1071 ubi
749 1009 785 1072 cl.
809 1008 922 1070 Timon
946 1005 1079 1086 delexit,
1112 1008 1141 1068 in

29 1119 216 1180 lllountuin
239 1124 270 1179 et
293 1117 501 1196 Cruntuplouu
531 1112 581 1186 (cl.
605 1112 758 1192 Wnson),
789 1130 899 1175 versus
927 1117 1073 1174 cacumen
1103 1130 1141 1172 m.

29 1224 100 1284 odon
120 1221 171 1296 (D.
194 1221 322 1294 Moons).
365 1219 432 1283 Non
455 1219 528 1282 alias
550 1214 587 1279 ad
611 1215 691 1277 diem
712 1223 833 1297 reperta
856 1223 914 1278 cst.

44 1327 135 1387 Fruct.
162 1333 272 1387 matur.
298 1321 437 1401 Octobri,
460 1319 631 1384 Novembri.

31 1445 133 1498 Plantula
157 1446 348 1515 elegantissima
371 1442 543 1512 cacapitulcn
563 1442 645 1509 primo
670 1439 763 1492 intuitu
789 1437 904 1506 calyptra
929 1439 1054 1506 pruluurle
1082 1437 1140 1490 lim-

29 1547 39 1584 ι
62 1535 121 1584 inter
148 1533 251 1586 lluacus
278 1547 422 1599 europaeos
445 1529 638 1598 distinguenda,
669 1525 800 1593 difficilius
827 1523 996 1592 aspecicbua
1012 1523 1141 1576 nonnullis

29 1620 67 1674 cir.
84 1636 189 1688 quarum
208 1619 295 1686 plurca
313 1617 426 1686 proxime
445 1617 476 1670 ad
495 1631 552 1668 eum
569 1614 703 1668 accedunt.

436 1807 562 1875 Fum-
588 1809 654 1872 ΙΙ.

385 1946 700 2021 uuollultluuu

43 2101 128 2164 llusci
151 2099 366 2185 proceriores,
399 2097 505 2180 partim
528 2097 677 2181 speciosi,
716 2096 837 2173 molles,
875 2095 1033 2177 prostrati,
1073 2097 1139 2159 laxo

29 2205 166 2286 pluentes,
198 2203 284 2266 caule
307 2219 384 2284 vage
406 2218 535 2265 ramoso.
579 2201 660 2263 Folia
683 2199 883 2280 complanata,
916 2200 1038 2279 latiora,
1069 2218 1138 2262 acu-

29 2317 60 2370 ua
81 2308 125 2371 rel
156 2309 284 2385 obtusa,
318 2303 433 2385 mollia,
466 2305 532 2367 laxe
564 2310 660 2382 lenta,
695 2304 839 2366 bicustnlu
867 2304 965 2365 rarius
997 2309 1139 2367 ecostuta.

29 2413 92 2474 inula
123 2432 139 2474 a
172 2411 291 2473 rumulo
323 2409 528 2490 perichaelioli
560 2407 646 2470 brevi
678 2408 864 2470 subcarnoso
901 2410 952 2469 rix
988 2407 1139 2473 distinctu.

29 2525 84 2596 plra
107 2517 227 2578 mitrata
250 2513 400 2598 capsulam
429 2529 485 2593 pro
516 2517 601 2593 parte
632 2511 680 2572 vel
712 2517 803 2573 totum
835 2511 1003 2594 obtegens,
1034 2512 1140 2588 laeuis,

29 2627 123 2700 ulegre
146 2619 197 2681 vel
221 2617 285 2679 basi
307 2617 373 2697 plus
397 2615 495 2678 minus
519 2613 667 2697 prolunde
690 2613 798 2678 lobata.
843 2615 1010 2678 Peristomii
1032 2615 1139 2678 (lentes

30 2721 46 2798 i,
66 2723 184 2806 integri,
209 2719 407 2798 solidiusculi,
431 2719 612 2782 densissime
635 2716 798 2797 articulati,
822 2719 902 2782 intus
924 2719 1139 2798 sublamellusi,

30 2826 133 2888 alinea
158 2823 369 2908 lungitudinali
398 2822 623 2884 distinctissime
646 2821 755 2900 notati,
787 2823 899 2886 interni
928 2839 1092 2904 processus
1122 2841 1140 2884 e

30 2927 116 2990 rumne
133 2929 259 2992 basiluri
276 2928 349 2988 satis
366 2929 508 3008 producta
524 2926 782 3008 catinulo-plicatu
798 2917 939 2988 dentibus
955 2927 1138 3009 aequilongi,

31 3035 78 3092 uti.

42 3135 152 3200 lumiliu
176 3121 409 3213 nuturulissima,
433 3132 621 3214 nitidissima,
644 3153 662 3196 e
685 3135 850 3216 generibus
867 3136 999 3217 pluribus
1016 3137 1138 3198 distinc-

31 3239 70 3299 nis
91 3239 273 3322 compositu,
294 3254 425 3322 quorum
449 3238 509 3300 duo
531 3237 720 3302 solummodo
742 3245 917 3322 (utrumque
947 3257 1013 3302 cum
1037 3241 1139 3322 specie

32 3341 77 3410 ulal
98 3343 253 3426 Europam
275 3341 418 3406 incolunt.

354 3533 427 3598 Gen.
454 3531 480 3594 l.
526 3530 733 3598 uoouulun.
778 3480 781 3486 1

439 3669 513 3722 ΤΑπ..
531 3669 552 3722 F
555 3669 572 3723 Ι.
589 3669 647 3722 lllb.

42 3787 110 3854 Folia
137 3791 199 3856 late
232 3795 320 3853 uvula
356 3791 404 3853 vel
432 3791 574 3874 lingulata
605 3791 705 3855 subito
736 3793 784 3855 vel
814 3793 927 3856 sensim
961 3795 1137 3874 acuminata,

34 3895 147 3977 aspice
169 3893 334 3958 rotundatu
366 3895 414 3958 vel
444 3902 597 3976 truncata,
628 3895 791 3978 bicoslata,
823 3896 998 3979 plerumque
1021 3889 1138 3960 limbata

34 3999 138 4081 ineque
161 4007 294 4079 serrata,
319 4017 421 4080 opaca,
445 3999 554 4082 pallide
576 3999 625 4062 rel
647 3999 799 4063 albicuuti-
817 4002 915 4063 rarius
938 4001 1139 4064 rulo-viridia.

35 4117 58 4162 rs
90 4105 216 4168 nonoici
257 4103 433 4186 caulogenl,
477 4103 676 4168 masculorum
713 4104 899 4187 puraplryses
936 4105 1137 4169 subclnualae.

35 4211 86 4282 ptra
107 4207 461 4286 eculeo-mitruelormis,
485 4207 551 4271 besl
574 4213 742 4290 angustata,
765 4208 972 4289 brevi-lulum,
996 4210 1047 4272 vix
1062 4209 1138 4272 inlra

35 4309 117 4373 mlum
139 4311 297 4394 producta.
344 4310 482 4374 Appulus
513 4320 659 4396 angustus
693 4331 732 4376 cx
763 4329 820 4374 una
851 4313 933 4374 scria
964 4312 1137 4375 cellularum

36 4419 101 4476 ratus.
141 4415 313 4479 Peristumii
336 4414 444 4478 dentes
467 4415 783 4480 elineali-lanceolato
799 4415 939 4496 subulati,
956 4417 1137 4480 densissime

36 4513 105 4594 ulrti,
124 4517 384 4582 calculationibus
406 4519 487 4581 inlus
510 4519 577 4600 plus
601 4521 698 4581 minus
721 4519 908 4601 prominulis,
935 4521 1137 4584 membranula
