3104 5368
488 364 629 433 Βιιιιοοιιο.
1094 355 1157 420 dil

28 546 114 625 illoque
135 540 327 606 solidioribus
350 539 591 616 ruiescentibus,
626 543 781 601 caeterum
803 538 923 602 similia
939 537 988 600 vel
1010 537 1156 620 longiora.

28 667 75 710 ores
95 647 193 724 diolci3
221 645 340 726 plantae
371 643 524 706 masculae
548 644 578 706 in
602 641 755 722 caespites
779 643 917 723 proprios
940 648 1156 724 congregatae,

27 753 91 812 ritas
119 748 281 812 discoideis
319 746 532 810 crassiusculis
565 745 650 808 valdo
685 745 845 810 distinctis.
891 744 1018 826 Capsula
1049 747 1154 826 major,

27 855 188 917 irentricosa
210 853 258 914 vel
279 851 390 914 leniter
411 851 551 928 incurve,
582 849 723 927 solidior,
762 849 986 927 brunnescens,
1020 848 1155 928 operculi

27 959 86 1042 gius
104 958 295 1038 crassiusque
318 957 441 1018 rostrati
467 961 568 1017 rostro
596 960 681 1016 recto
703 953 752 1016 vel
782 971 904 1018 sursum
934 960 1073 1030 curvato,
1104 971 1154 1014 ca·

27 1071 65 1124 tra
92 1063 178 1146 longe
211 1061 407 1144 persistente.
453 1059 565 1141 Sporae
598 1056 836 1123 lusco-virides.
879 1056 978 1139 Bryol.
1010 1075 1076 1120 ear.
1105 1055 1153 1135 ll',

26 1167 45 1228 l.
58 1163 120 1230 391.

26 1291 83 1350 riam
101 1295 252 1350 roratum
274 1289 304 1362 β.
328 1285 406 1348 loliis
439 1285 534 1348 ovatis
566 1283 737 1362 latioribus,
774 1281 990 1364 paraphpsibns
1019 1282 1153 1358 clavatis,

91 1392 161 1453 llore
185 1389 303 1453 dioeoo.
350 1391 515 1452 Scawnaoe.
540 1389 639 1470 Suppl.
662 1387 686 1466 l,
708 1387 738 1448 P.
761 1385 796 1465 ll,
821 1405 847 1468 p.
875 1383 946 1466 129,
970 1393 991 1448 t.
1015 1385 1066 1448 78.

25 1495 78 1553 rium
99 1493 373 1573 ortiorrlrpnclrum
397 1490 504 1566 (Bam.)
527 1491 576 1558 Βιι.
600 1500 632 1556 et
655 1493 719 1556 Son.
749 1490 847 1572 Bryol.
872 1508 937 1552 eur.
984 1490 1015 1554 C.
1040 1490 1153 1552 ildonea

110 1598 238 1678 synope.
284 1596 420 1658 llnaruau
444 1596 554 1660 Skand.
577 1597 620 1660 ll.
665 1597 789 1660 Wuson
812 1596 911 1677 Brpol.
934 1594 1005 1659 Brit.

52 1719 144 1781 liubit.
168 1720 200 1781 in
225 1717 376 1798 sylvaticis
398 1717 589 1798 rupestribns
613 1717 649 1780 ad
673 1726 785 1780 terram
809 1724 840 1780 ot
855 1717 885 1779 in
901 1717 1017 1794 rupium
1035 1715 1153 1777 fissuris

25 1821 116 1900 agione
133 1821 291 1902 subalpina
310 1819 456 1882 inferiore
472 1839 570 1902 usque
587 1823 617 1884 in
632 1823 792 1905 regionem
809 1819 934 1902 alpinam
951 1820 1152 1902 superiorein,

24 1941 138 1988 ¹omnes
161 1923 259 2006 Alpes
281 1941 378 1986 zonae
402 1925 598 1987 intermediae
623 1933 654 1989 et
676 1925 922 2006 septentrionalis
950 1943 1008 1988 nec
1037 1942 1096 1986 non
1121 1925 1151 1984 in

24 2030 118 2089 enacis
147 2029 223 2092 satis
253 2045 430 2110 commune3
469 2030 500 2090 in
530 2028 683 2091 Britannia
714 2029 811 2092 adhuc
844 2028 941 2092 solum
971 2030 1075 2090 sterile
1103 2047 1151 2090 rc·

24 2137 73 2192 lum
94 2140 151 2196 est.

49 2238 141 2302 Fmact.
165 2244 279 2299 mutar.
303 2243 419 2300 aestate
443 2244 474 2300 et
496 2237 647 2302 auctumni
669 2237 763 2300 initio.

33 2357 205 2412 Cimmeribus
233 2377 310 2426 supra
336 2359 457 2425 expositis
484 2357 592 2426 pulchre
619 2367 645 2410 et
673 2367 819 2412 constanter
845 2374 859 2410 ιι
887 2358 923 2410 ll.
948 2366 1057 2410 curato
1081 2357 1150 2410 aldai

23 2455 50 2496 rt.
81 2447 180 2500 llamuli
200 2445 395 2514 flagelliiormas
413 2445 533 2498 declinati
551 2446 654 2512 saepius
673 2445 721 2498 auh
741 2443 803 2498 dora
821 2445 935 2497 masculo
954 2446 1128 2514 egrediuntur.

32 2528 96 2582 Falce
118 2532 180 2585 olim
208 2533 242 2586 ad
266 2531 321 2583 Ha.
341 2531 587 2597 ortior-ripaeorum
613 2517 719 2584 Bridelii
743 2532 891 2596 retulimus,
919 2533 1001 2600 quod,
1030 2541 1055 2583 ut
1083 2549 1149 2584 nunc

22 2615 52 2666 ior
69 2619 146 2684 lactus
165 2636 235 2682 sum,
250 2620 283 2671 ad
303 2617 445 2670 armenum
463 2619 592 2670 tenellum
610 2617 772 2671 tolerandum
791 2627 838 2670 ast.

341 2793 369 2858 li.
398 2791 507 2859 llulnn
528 2791 764 2874 lycopodloldes.

330 2947 409 3000 lloou.
428 2949 453 2999 in
472 2947 616 3000 Scawasan.
635 2947 723 3018 Suppl.
742 2947 774 3000 ll.

42 3085 133 3148 l'lanta
157 3088 260 3164 elata,
285 3087 506 3168 gracilescens,
531 3087 598 3150 laxe
620 3088 799 3168 caespitosa.
845 3085 925 3148 Folia
947 3093 1079 3165 remota,
1103 3087 1148 3147 in·

22 3203 63 3249 nra
84 3190 239 3273 oblonga,
265 3191 422 3270 superiora
445 3193 559 3254 sensim
583 3192 695 3272 majora
720 3189 1036 3274 elongato-lingulam,
1069 3190 1148 3270 peri-

22 3293 102 3356 ctialia
125 3295 329 3373 subloricata,
353 3297 540 3374 acuminata,
566 3302 649 3358 costa
671 3296 801 3358 rubente
824 3294 993 3358 excedente
1016 3295 1149 3356 breviter

22 3395 111 3476 pictate,
135 3400 280 3482 margine
303 3398 509 3462 rulo-limbato
532 3399 629 3462 dense
653 3399 825 3480 geminatim
849 3405 967 3462 serrato
988 3397 1148 3462 denticulis

22 3500 136 3580 issimis,
161 3503 357 3566 areolatione
381 3502 484 3566 densa.
530 3503 635 3566 Flores
659 3501 757 3566 diolci.
797 3503 923 3585 Capsula
941 3499 1146 3579 horizontalis,

22 3601 75 3682 pior,
93 3604 389 3690 elongato-elliptica
407 3614 437 3669 el
453 3607 712 3687 suboylindracea,
729 3606 838 3670 leniter
853 3608 986 3686 incurva,
999 3608 1147 3669 brunnes·

22 3723 40 3782 ι,
60 3713 201 3790 operculo
225 3717 371 3775 rostrato.
417 3711 586 3772 Peristomii
610 3709 718 3772 dentes
742 3711 909 3794 longiores,
932 3710 1146 3776 articulationi-

32 3807 65 3872 ll
85 3821 115 3877 ct
134 3815 227 3892 ultra,
254 3815 340 3894 lutei,
364 3815 474 3878 interni
497 3815 673 3878 membrana
696 3816 833 3880 basilaris
856 3816 1002 3879 brunnea.
1046 3815 1146 3897 Brpol.

22 3914 82 3994 lt,
104 3919 173 3982 Tali.
193 3917 273 3982 392.

24 4035 265 4120 lycopodror'dea,
302 4042 386 4106 caula
411 4042 538 4124 simplici
565 4043 676 4126 longo,
711 4043 789 4107 loliis
822 4043 935 4126 sparsis
963 4041 1146 4104 lanceolata·

78 4149 168 4208 oratis
192 4145 368 4228 cuspidatis
391 4149 529 4228 serratis,
554 4149 673 4231 capsula
689 4147 883 4212 teretiuscula
900 4151 1034 4226 nutante,
1057 4164 1145 4227 oper-

78 4251 139 4314 culo
164 4259 315 4316 rostrato.
362 4252 527 4314 Scawaaoa.
553 4255 653 4336 Suppl.
676 4253 710 4324 ll,
733 4253 797 4316 Vol.
821 4251 852 4332 2,
876 4259 895 4315 t.
924 4249 992 4312 160.

22 4347 50 4410 ta.
69 4361 96 4414 ct
117 4357 181 4422 Sca.
206 4355 317 4438 Bryol.
342 4373 407 4419 eur.
433 4358 466 4434 (e
482 4359 648 4438 specimine
664 4357 837 4433 llookeri!).
883 4355 914 4420 C.
937 4355 1051 4417 Munus
1075 4355 1145 4436 Syn.

44 4473 130 4540 llodit.
154 4483 183 4542 in
207 4479 299 4562 sylva
322 4496 447 4542 acerosa
465 4478 500 4542 ad
519 4479 625 4561 pedem
653 4501 690 4542 ιιι.
708 4481 880 4544 (iamsinor
895 4495 987 4560 prope
1008 4479 1146 4542 Wilcldml
