3310 5368
374 367 438 431 598
886 369 1049 437 lippnscsse.

499 557 520 612 t.
544 547 574 612 3.
607 545 689 609 Ram.
711 543 812 626 Bryol
835 543 916 608 univ.
953 543 999 606 Du
1021 543 1130 610 liores.
1155 544 1226 626 spii
1264 543 1372 610 uon
1395 543 1498 608 Slsnd.
1513 543 1551 608 it

501 652 533 716 G.
557 652 672 716 uuum
696 649 825 731 synope.
871 646 991 712 Wusos
1013 646 1113 732 Bryol
1137 647 1209 711 Brit

370 757 517 840 Aanblyst.
540 757 693 838 riparium
714 753 766 818 ua.
789 760 820 814 et
845 751 909 815 Sca.
932 749 1032 833 bryol.
1055 769 1120 817 eur.

371 863 440 926 Var.
456 866 486 940 β.
502 861 731 934 murmurem,
771 855 932 934 tenellum,
971 855 1057 918 caule
1090 855 1232 920 breviore
1270 854 1369 920 diviso
1406 857 1556 920 confertim

501 963 671 1042 ramulosa,
710 961 833 1026 ramulis
871 960 1002 1040 erectis,
1040 959 1118 1024 loliis
1157 961 1303 1024 consertis
1339 963 1556 1043 angustioribus

501 1069 623 1152 longius
647 1067 835 1146 acuminatis,
860 1067 981 1148 capsula
997 1063 1105 1129 minori
1121 1073 1207 1130 ovats
1223 1065 1271 1130 rel
1287 1065 1428 1149 oblongo
1466 1063 1557 1148 lirpol.

502 1191 565 1238 eur.
590 1171 683 1253 v1,t.
708 1168 781 1235 571:

372 1281 438 1343 Var.
453 1304 479 1362 p.
494 1277 729 1354 subsecundans,
752 1274 838 1337 caule
860 1274 929 1356 plus
953 1277 1092 1338 minusve
1115 1275 1275 1357 elongato,
1307 1274 1375 1357 plus
1406 1274 1559 1356 musque

501 1399 621 1446 ramoso
644 1388 675 1444 et
697 1380 870 1460 ramulosa,
904 1378 983 1443 loliis
1013 1379 1087 1444 satis
1110 1379 1256 1442 conlectis
1277 1377 1559 1462 patenti-secundis,

499 1484 791 1566 ovato-lanceolalis,
814 1485 936 1566 capsula
959 1483 1083 1548 brevius
1104 1484 1299 1567 pedicellsta,
1323 1484 1446 1570 turgide
1469 1491 1559 1548 orsis

501 1590 601 1673 Bryol.
623 1607 690 1654 eur.
712 1588 731 1652 l.
755 1608 781 1652 c.

373 1699 443 1761 Var.
460 1699 488 1761 d.
504 1697 689 1776 cleopatram,
715 1694 802 1758 caule
825 1692 1014 1778 longissimo,
1038 1692 1130 1774 molli,
1153 1711 1244 1775 parce
1266 1711 1388 1758 ramoso
1412 1700 1444 1756 et
1466 1711 1560 1756 nuru-

497 1800 580 1878 lnso,
605 1797 684 1861 loliis
707 1795 1057 1881 sagittato-lanceolatis,
1090 1796 1182 1881 longe
1206 1799 1399 1879 acuminatis,
1434 1798 1562 1881 cspsulis

500 1904 537 1968 ad
561 1901 655 1968 caulis
678 1902 763 1966 basin
786 1902 894 1983 positis
917 1901 1037 1986 longius
1058 1900 1255 1983 pedicellatis.
1283 1903 1353 1967 ibid.

370 2011 439 2073 Ver.
456 2031 479 2074 e.
496 2008 731 2089 lricbopodr‘om,
754 2007 841 2071 caule
864 2014 1026 2089 prostrato,
1050 2007 1249 2089 ascendente,
1273 2009 1364 2072 menis
1387 2015 1420 2071 et
1440 2009 1562 2072 romulis

497 2112 679 2192 suberectis,
690 2111 973 2194 gracilescentibus,
994 2111 1072 2176 loliis
1088 2115 1223 2191 remotis,
1241 2113 1362 2195 patulis,
1380 2113 1559 2194 minoribus,
1644 2181 1645 2188 ,

497 2217 626 2298 capsulis
648 2215 739 2300 longe
762 2215 959 2298 pedicellatis,
982 2217 1284 2300 incurvo-oblongis3
1306 2217 1376 2282 ibid.

369 2322 449 2403 Hyp.
473 2322 698 2402 triobopodr'om
721 2321 844 2384 Semurz
866 2320 944 2384 utor.
970 2321 1123 2406 surgam.

369 2426 450 2507 Hyp.
473 2427 626 2506 ripariam
647 2445 716 2488 eor.
740 2426 965 2506 tricdopodium
986 2425 1066 2490 ano.
1092 2424 1190 2508 Bryol.
1214 2427 1292 2492 uuir.

370 2531 438 2593 Var.
455 2539 481 2609 ζ.
498 2530 691 2611 loopifoliom
712 2527 798 2592 caule
821 2529 979 2614 elongato,
1012 2529 1091 2593 loliis
1114 2532 1257 2611 remotis,
1289 2531 1467 2596 lanceolatis
1497 2533 1562 2616 pili-

501 2632 790 2697 immi-acuminatis.

457 2756 561 2820 liubit.
586 2753 624 2819 sd
648 2773 732 2836 saxa,
755 2755 835 2840 ligna
858 2755 1053 2842 semiputrida
1075 2755 1214 2838 bumida,
1247 2759 1278 2820 in
1300 2758 1460 2824 arboribus
1483 2777 1563 2823 csse

370 2861 523 2944 pestribus
546 2860 706 2944 praecipue
729 2860 870 2924 salicibus
894 2859 1052 2942 putredine
1075 2865 1240 2942 excavatis,
1263 2863 1300 2926 ad
1323 2861 1562 2945 amaeduotwn

369 2968 502 3048 parietes
525 2966 663 3051 ligneos,
696 2965 732 3028 ad
761 2971 873 3028 terram
903 2965 1074 3029 innodatam
1105 2965 1258 3047 limosam,
1290 2985 1346 3050 per
1374 2975 1468 3032 totam
1497 2969 1562 3031 lere

368 3071 535 3153 Europam3
558 3088 619 3133 var.
643 3073 674 3146 β.
698 3077 729 3134 et
750 3094 776 3152 p.
799 3071 829 3132 in
853 3069 1046 3150 siccioribus,
1080 3087 1142 3133 var.
1165 3074 1192 3136 d.
1216 3073 1246 3135 in
1279 3072 1364 3152 udis,
1397 3089 1461 3136 vor.
1485 3097 1509 3140 ε.
1532 3075 1562 3134 in

369 3175 460 3259 pratis
483 3173 658 3257 uliginosis,
680 3191 742 3236 var.
767 3183 794 3253 ζ.
816 3173 846 3235 in
869 3172 998 3237 humidis
1023 3173 1160 3238 sueciae.

455 3281 559 3344 Fract.
582 3285 693 3342 muter.
716 3277 816 3341 lunio.

436 3401 517 3470 Stirps
535 3401 645 3454 maxime
663 3400 772 3467 venians,
789 3400 814 3451 in
827 3400 980 3453 siccioribus
993 3399 1095 3454 brevior
1106 3401 1242 3470 robustior,
1256 3403 1280 3453 in
1293 3401 1404 3457 burnidls
1418 3411 1446 3456 et
1459 3409 1560 3474 quasis

370 3491 433 3542 mire
461 3489 606 3554 luxurians,
635 3487 723 3540 formis
748 3487 888 3541 minoribus
917 3487 946 3539 Α.
969 3487 1094 3557 carnoti
1119 3505 1177 3542 seso
1202 3491 1395 3558 approxima,
1422 3493 1558 3560 niuib-

370 3577 439 3644 lips.
458 3575 603 3643 cordisollo
620 3574 664 3628 vol
681 3574 813 3642 plsitsstr'.

799 3731 873 3796 Gen.
900 3729 947 3796 tl.
970 3729 1131 3798 illudunt.

852 3869 956 3924 Duum.
975 3871 1074 3926 emend.

454 3991 574 4058 Plantae
596 3989 698 4056 babitu
721 3993 848 4056 mamare
870 3993 988 4074 neriae,
1019 4011 1098 4056 nunc
1120 3993 1249 4058 tenellae
1271 4001 1447 4076 reptantes,
1481 4015 1556 4060 suar

330 4165 336 4179 ⁴
369 4096 564 4179 proceriores
587 4101 754 4176 prostratae
770 4102 802 4159 et
817 4095 1045 4178 decumbentes,
1069 4115 1150 4161 nunc
1164 4098 1408 4180 speciosissimae
1424 4109 1554 4166 erectae.

368 4206 513 4282 repentes
538 4206 570 4262 et
590 4205 759 4282 prostratae
781 4199 964 4279 radicantes,
988 4209 1109 4264 erectae
1124 4199 1201 4266 baud
1217 4219 1288 4266 raro
1303 4209 1401 4268 aetate
1416 4203 1556 4270 radiculis

368 4305 530 4370 destitutae
553 4303 648 4368 densa
671 4321 767 4388 grege
789 4322 824 4368 se
847 4305 974 4370 invicem
989 4306 1185 4372 sustinentes.
1224 4306 1324 4372 Gauiis
1339 4307 1405 4390 plus
1422 4313 1554 4376 minume

368 4409 481 4473 divisus
505 4409 601 4472 rarius
625 4409 818 4490 subsimplex‚
842 4410 984 4490 pinnalim
1008 4410 1057 4474 vel
1072 4430 1148 4496 vage
1164 4411 1291 4478 disticbe
1313 4432 1463 4496 ramosus,
1488 4415 1552 4478 sub

367 4514 488 4600 ligneus
512 4521 542 4577 et
557 4513 688 4596 ligneus,
713 4530 785 4576 raro
802 4520 934 4580 tomento
949 4515 1111 4582 radiculari
1125 4515 1272 4582 obtectus.
1304 4517 1384 4582 Folia
1399 4518 1489 4584 ordd.
1504 4519 1520 4601 ἶ
1528 4563 1552 4598 „
