3106 5370
492 359 683 420 Gdfflsusc

359 535 388 604 b.
417 535 585 620 naumis
606 535 810 620 spspbrssts.

354 673 420 728 ltus
439 687 465 731 es
482 677 606 732 ilomses.
624 675 713 746 Bryol.
731 693 812 746 germ.

75 792 171 858 Planta
194 814 322 880 procera
343 798 403 862 late
426 801 610 883 caespitosa,
634 801 786 882 caespites
809 817 826 860 e
851 801 983 864 saturate
1007 799 1096 863 viridi
1120 799 1182 864 ius-

16 905 154 960 tescantes.
201 901 284 965 Folia
306 903 452 988 oblongo·
476 911 507 967 et
529 902 851 988 elongato-lanceolata
880 913 964 968 costa
996 904 1106 988 pallide
1130 925 1183 969 cx-

16 1011 126 1065 :umente
148 1005 297 1088 spiculata
312 1009 362 1070 vel
382 1007 547 1091 cuspidata,
571 1009 658 1072 basin
676 1025 784 1070 versus
801 1008 937 1090 margine
954 1008 1079 1088 rellexa,
1103 1011 1185 1074 sicca

15 1105 156 1186 amplicata
180 1111 321 1175 cirrbata.
368 1113 506 1197 Galyptra
539 1113 682 1194 maxima,
715 1111 893 1194 longissime
922 1112 1000 1178 inira
1031 1114 1183 1197 capsulam

15 1209 140 1293 traducta,
164 1215 291 1297 pulchre
315 1221 488 1300 straminea,
513 1217 648 1302 margine
661 1217 770 1298 ciliata,
795 1217 870 1281 ciliis
892 1217 1082 1283 tenuioribus
1099 1219 1184 1303 iuga·

14 1311 77 1379 ibus.
108 1317 237 1402 capsula
260 1331 390 1405 anguste
412 1321 587 1405 cylindrus,
611 1322 690 1386 collo
713 1321 827 1385 tumido
851 1323 966 1384 sensim
982 1323 1012 1384 in
1029 1325 1183 1406 capsulam

14 1421 123 1485 antinno
146 1424 195 1486 vel
221 1427 279 1489 sub
302 1429 466 1511 sporangio
490 1435 659 1507 coarctato,
689 1425 798 1508 pallide
820 1426 950 1506 luteola,
983 1427 1182 1510 leptoderma,

14 1519 64 1586 iera
84 1525 183 1590 laevis.
231 1531 402 1594 Peristomii
426 1530 534 1594 dentes
558 1529 751 1616 longiusculi,
775 1529 921 1610 lineales,
945 1531 1057 1614 integri
1079 1533 1128 1596 vel
1152 1535 1182 1596 in

14 1624 63 1690 inea
84 1629 238 1697 divisurali
261 1636 389 1716 pertusi,
413 1637 527 1716 carnei,
551 1637 624 1698 sicci
648 1636 753 1698 erecti.
799 1633 849 1696 ur.
866 1651 930 1700 eur.
945 1633 993 1715 lll,
1017 1635 1180 1701 lanitii.

13 1747 257 1837 lapopbysatss,
292 1757 371 1822 loliis
395 1756 725 1839 oblongo-lanceolatis
757 1755 974 1820 obtusiusculis
1007 1775 1102 1821 nervo
1126 1777 1181 1822 ex·

108 1868 257 1925 currente
281 1861 512 1941 mucronulatis,
541 1861 664 1944 capsula
686 1861 851 1943 cylindriaa
873 1862 939 1924 basi
962 1863 992 1925 in
1016 1863 1181 1945 apophysin

107 1973 267 2028 contracta
289 1964 384 2045 laevi,
416 1966 551 2048 calyptra
578 1968 707 2050 integra.
752 1963 831 2028 usas
856 1973 887 2028 et
909 1965 1053 2029 llonnsca.
1081 1966 1181 2050 Bryol.

108 2059 210 2152 germ,
231 2069 274 2150 ll,
297 2091 325 2155 p.
349 2068 400 2136 49.
1226 2137 1227 2142 ,

35 2165 74 2233 Bu
95 2180 124 2234 et
147 2173 251 2239 Scaea.
275 2173 375 2256 Bryol.
399 2192 464 2237 eur.
510 2172 542 2237 C.
567 2173 682 2238 Missua
707 2175 834 2258 Synops.
878 2173 988 2238 linars.
1013 2173 1122 2239 Slrand.
1138 2175 1180 2238 ΡΙ.

14 2265 317 2354 intumescamus
340 2286 372 2342 et
394 2279 537 2342 Honuscn.
560 2278 660 2362 Bryol.
684 2297 780 2364 germ.
807 2287 841 2358 (e
865 2280 989 2362 specim.
1012 2283 1158 2364 auctoni)

15 2371 30 2436 i.
48 2380 142 2458 affinis
164 2382 211 2444 ua
234 2381 346 2446 Nossa.
371 2382 442 2464 Syll.

68 2501 164 2568 uobis.
196 2503 236 2566 ad
271 2511 385 2567 terram
417 2509 448 2567 et
479 2503 509 2566 in
539 2504 658 2585 rupium
692 2503 812 2567 fissuris
844 2503 963 2587 Alpium
996 2523 1180 2572 sussrmarum

16 2597 141 2687 lelvetiae,
165 2608 303 2691 nyseus,
327 2607 562 2688 Scandinaviae3
595 2607 797 2690 pulcherrime
831 2613 863 2671 et
885 2609 1096 2692 copiosissime
1119 2611 1181 2695 legi

16 2719 73 2768 rm.
94 2711 211 2775 Gesssssi
242 2711 312 2775 loco
343 2711 606 2793 Scbworenbacb,
638 2713 668 2775 in
697 2711 773 2776 vallo
796 2713 945 2794 lingonis
974 2713 1044 2778 loco
1071 2715 1128 2779 l'nl
1149 2717 1183 2778 di

16 2813 62 2892 'sia
82 2816 109 2879 in
131 2835 253 2881 summa
277 2817 391 2882 Albula
413 2835 440 2880 e.
458 2837 482 2882 a.
498 2817 529 2896 l.,
553 2835 570 2880 e
594 2817 747 2901 Norvegia
768 2819 1000 2882 communicavit
1022 2819 1059 2881 cl.
1078 2818 1180 2901 Barsa,

16 2915 138 2986 ÷leania
166 2922 313 2987 orientali
343 2923 413 2988 clar.
446 2922 475 2985 l’.
503 2921 675 3002 Nmssmrn3
709 2939 750 2984 ex
777 2919 879 2986 Amor.
906 2931 983 3006 sept.
1014 2923 1180 2987 llontibus·

16 3025 163 3098 mostubus
188 3027 227 3090 cl.
252 3027 415 3090 Damone
439 3028 527 3091 misit.

68 3127 165 3194 Frsct.
188 3139 305 3194 motas.
329 3137 455 3194 aestate.

58 3245 229 3305 Pneeetlsnte
248 3253 396 3320 procerior,
414 3252 484 3305 loliis
501 3252 638 3305 saturatius
656 3249 790 3318 viridibus,
810 3249 924 3320 calyptra
943 3249 1060 3320 longiore
1080 3267 1094 3304 e
1113 3261 1176 3306 strs·

16 3327 65 3384 bu
85 3337 251 3406 lascescens,
280 3340 363 3391 minas
396 3338 550 3408 regulariter
578 3337 716 3405 limbrists,
744 3338 850 3406 cspsuls
876 3338 992 3405 longiore
1018 3339 1176 3408 augustiora,

16 3421 80 3476 *rius
95 3427 294 3481 membranacea
312 3425 408 3494 psllirls
429 3425 498 3480 collo
515 3426 636 3480 distincto
653 3427 786 3494 instructa,
805 3427 944 3495 peristomii
957 3425 1077 3481 alentibus
1096 3427 1176 3482 multo
1255 3426 1264 3443 ⁶

16 3509 142 3574 monim.

305 3695 307 3700 ·
372 3671 400 3738 t.
429 3669 595 3754 raasrypts
616 3669 792 3751 torstenus

346 3824 429 3882 linum
458 3829 485 3880 in
515 3826 594 3882 ilusc.
627 3826 673 3884 rs.
703 3827 812 3883 litun.

73 3957 207 4046 uagam
238 3963 291 4027 vel
330 3966 445 4029 minute
479 3967 691 4048 caespitulosa.
736 3965 837 4029 Cauiis
870 3964 990 4044 brevis,
1025 3981 1178 4044 ramosus,

12 4059 177 4134 iunentcsus.
215 4068 301 4132 Folia
324 4069 466 4152 patentia,
490 4069 571 4134 sicca
592 4069 767 4152 complicata
788 4068 905 4132 bamata
928 4076 959 4130 et
977 4065 1178 4146 subarrhata,

12 4160 187 4254 solidiuseula,
211 4173 496 4256 elongato-linealis
520 4175 685 4238 submutica
709 4182 740 4236 et
761 4171 929 4252 cuspidata,
954 4170 1178 4254 pen'cbaelialia

12 4259 90 4334 brion
119 4276 271 4360 brevipila.
319 4277 424 4340 Floras
462 4279 585 4342 masculi
619 4279 650 4340 in
687 4278 811 4342 ramulis
839 4276 992 4340 brevibus.
1039 4272 1177 4354 Galyptra

13 4361 80 4452 bnpa
98 4375 166 4444 inira
188 4381 344 4464 capsulam
369 4383 522 4464 continua,
548 4383 612 4445 basi
626 4383 704 4444 ciliis
719 4380 910 4462 longioribus
928 4379 1041 4442 teneris
1058 4375 1177 4458 pallidis

17 4483 144 4562 animata,
173 4487 467 4566 lusco-straminea,
499 4488 616 4568 apicem
648 4503 757 4550 versus
792 4484 1005 4566 subspadicua.
1049 4479 1178 4561 Capitur

52 4583 75 4624 Sc
76 4597 140 4632 sssss
142 4603 163 4646 ι,
177 4595 294 4648 synopsis.
919 4587 952 4640 ¹9
