3336 5352
491 1531 496 1538 ,
573 1416 829 1512 inminuto.

187 1767 366 1852 Bryoiopio
389 1788 556 1851 europaeo,
579 1769 645 1832 Duo
663 1769 805 1852 iuvante,
840 1767 877 1832 ad
901 1767 1012 1833 bouum
1035 1763 1125 1832 onem
1148 1761 1304 1848 perducto,

98 1892 246 1973 permulti
261 1893 352 1954 amici
372 1909 419 1954 me
436 1890 587 1972 adierunt,
610 1899 644 1954 ut
658 1893 816 1976 synopsin
831 1891 1009 1956 macoma
1024 1907 1130 1973 eutrop.
1147 1887 1305 1951 elaborare
1379 1896 1385 1909 “

100 2015 309 2096 susciperem.
355 2015 452 2088 Ouum
489 2017 521 2080 in
553 2033 648 2098 opere
683 2014 734 2078 iiio
772 2011 908 2098 singulas
938 2011 1059 2096 species
1098 2027 1165 2074 cum
1202 2008 1305 2072 aniius

99 2135 359 2200 collaborantibus
383 2137 610 2204 accuratissime
641 2135 820 2200 describere
854 2143 897 2236 et.
911 2133 1067 2218 permultis
1091 2131 1228 2197 iconibus
1251 2127 1303 2192 ad·

90 2259 210 2338 junctis
237 2257 374 2341 singulas
396 2259 564 2342 plantarum
586 2265 688 2342 partes
712 2259 956 2342 augmentatione
979 2255 1196 2342 microscopica
1218 2254 1304 2339 quast

79 2383 168 2442 'rate
194 2379 303 2442 ocutos
335 2397 490 2462 exponere
523 2377 728 2462 studuissem,
763 2378 897 2444 laborem
922 2378 1003 2442 ilium
1027 2365 1118 2460 quia
1143 2393 1190 2438 me
1213 2393 1302 2460 roga·

95 2501 201 2580 tatur,
229 2499 343 2562 facilem
367 2519 440 2563 esse
461 2501 611 2584 putabam.
656 2500 744 2576 Quod
767 2508 867 2566 umen
882 2500 971 2584 plone
989 2500 1077 2564 atiter
1093 2515 1165 2580 sese
1188 2496 1301 2586 babere

95 2638 171 2682 mox
215 2621 297 2700 vidi;
322 2639 414 2684 inam
460 2621 491 2684 in
530 2620 639 2687 studiis
678 2640 802 2706 semper
839 2620 1055 2706 procedentem
1096 2620 1203 2704 iugera
1241 2635 1301 2680 non

96 2747 238 2822 poterat,
269 2739 362 2804 multa
395 2742 544 2825 inopere
569 2760 660 2826 supra
695 2741 814 2808 laudato
846 2760 918 2806 esse
942 2741 1135 2824 imperfecta,
1167 2741 1301 2808 numeris

94 2863 163 2922 suis
203 2861 336 2924 nondum
375 2862 531 2943 absoluta3
572 2866 658 2928 novis
696 2865 981 2948 investigationibus
1019 2864 1140 2946 priores
1176 2879 1300 2924 errores

92 2985 261 3064 removeri,
285 2983 366 3046 bene
382 2984 542 3050 observata
565 2985 746 3066 confirmari,
772 2985 863 3050 multa
886 3003 965 3048 nova
989 2983 1092 3069 detegi
1114 3001 1206 3064 posse
1231 2983 1300 3046 mini

81 3087 332 3185 persuadebam.
378 3107 530 3170 scientiae
563 3107 656 3192 igitur
689 3125 806 3172 amore·
831 3105 939 3170 ductus
977 3105 1139 3188 plerasque
1176 3104 1299 3189 species

92 3233 236 3290 accurate
258 3226 474 3290 examinandas
505 3228 615 3290 iterum
646 3229 817 3309 iterumque
849 3227 1029 3292 dissectioni
1063 3235 1154 3308 atque
1188 3226 1297 3291 micro·

98 3347 200 3427 scapio
225 3345 360 3428 subjeci,
393 3346 473 3410 unde
505 3345 537 3408 tit
559 3353 592 3410 ut
615 3347 663 3412 bic
685 3347 825 3426 libellus,
861 3365 952 3429 quern
970 3350 1033 3432 jam
1071 3349 1166 3412 tribus
1190 3346 1297 3414 abhinc

101 3467 183 3528 anuis
203 3467 360 3550 inchoavi,
385 3487 465 3534 nunc
488 3470 607 3534 demum
631 3471 662 3534 in
686 3470 784 3534 iucem
807 3471 930 3553 prodire
955 3479 986 3534 ct
1009 3471 1172 3554 bryoptiilis
1193 3471 1297 3534 offerri

93 3591 198 3670 possit
236 3590 306 3655 ‚Sed
337 3592 435 3656 eheu!
475 3613 655 3678 quamquam
690 3595 727 3660 ad
761 3595 859 3660 studia
892 3595 1021 3659 tironum
1047 3594 1213 3679 adjuvanda
1236 3613 1297 3664 non

89 3713 279 3778 mediocrem
302 3733 428 3796 operam
444 3735 610 3802 curamque
633 3719 664 3780 in
681 3717 740 3784 hoe
765 3717 949 3801 compendio
972 3717 1195 3784 conscribendo
1219 3735 1298 3782 con-

85 3839 216 3918 sumpsi,
241 3845 353 3920 tamen,
377 3856 416 3901 eo
439 3837 560 3902 tandem
582 3838 665 3903 finito
681 3846 712 3903 et
735 3839 765 3901 in
781 3839 880 3903 lucem
899 3839 1081 3922 prodeunte,
1104 3857 1184 3904 nunc
1207 3840 1295 3907 etiatu

86 3979 151 4022 non
176 3960 298 4044 ignoro,
323 3979 412 4044 quam
435 3962 527 4026 muita
549 3961 647 4027 adhuc
669 3981 776 4028 manca
792 3969 823 4026 et
839 3963 1014 4046 imperfecta
1031 3962 1092 4027 sint
1108 3968 1148 4042 et,
1168 3961 1294 4046 scientia

85 4080 317 4162 progrediente,
343 4083 513 4146 accuratius
535 4083 623 4147 reddi
646 4085 773 4166 possint.
821 4081 935 4148 Omnes
958 4084 1051 4168 igitur
1074 4089 1176 4149 oratos
1192 4083 1292 4162 velim,

82 4210 119 4264 ut
156 4200 265 4266 librum
294 4205 429 4288 benigna
464 4207 610 4289 accipiant
647 4213 695 4288 et,
736 4209 763 4270 si
797 4225 875 4288 quac
909 4206 978 4269 vitia
1000 4189 1206 4288 inhaereant,
1245 4225 1293 4291 ea,

81 4343 144 4389 non
162 4324 370 4406 immemores,
387 4326 418 4388 iu
429 4326 523 4389 rebus
535 4317 673 4390 hurnanis
686 4327 727 4390 nil
738 4345 810 4391 esse
826 4327 1005 4410 perfectum,
1024 4329 1119 4422 amice
1133 4335 1304 4396 excusent..

106 4455 114 4474 ⁸
168 4447 260 4524 Quod
283 4448 321 4512 ad
346 4449 519 4513 methodum
543 4451 684 4532 pertinet,
709 4457 841 4532 systema
857 4450 941 4540 iilud,
967 4451 1047 4534 quod
1065 4453 1096 4514 in
1113 4422 1290 4516 Coroitorr'o

86 4573 229 4656 exposui,
264 4571 394 4633 memma
417 4585 458 4632 ex
479 4573 564 4656 parte
587 4576 714 4634 secutus
736 4588 815 4634 sum.
861 4571 1009 4638 Nonnulla
1033 4581 1132 4636 tamen
1156 4575 1196 4638 ibi
1221 4595 1289 4657 pro·
