3336 5352
895 371 1059 432 lussdutle.

804 637 878 700 Μ.
903 638 1149 703 nummulo.

466 783 676 864 W
689 785 950 866 (mapsam,
971 785 1185 868 ’mm
1199 785 1253 866 at)
1274 785 1416 870 ⁰1t⁸¹¹¹¹⁰
1436 785 1571 850 m

379 903 450 969 pars
478 885 528 950 tila
552 894 601 950 est
622 905 719 970 quae,
750 889 863 952 saecoli
887 889 981 954 lorma
1003 889 1070 974 plus
1092 890 1251 973 minusque
1280 887 1437 970 distiscta,
1466 905 1571 972 sparsa

378 990 523 1054 meuses

467 1093 622 1180 organum
652 1093 709 1158 loc
736 1095 895 1160 adaobus
922 1098 1052 1162 emetur
1085 1097 1189 1162 stratis
1218 1097 1413 1176 cellularum
1444 1115 1571 1181 moran

379 1195 505 1262 alterum
527 1205 689 1262 externam
711 1197 851 1281 capsulae
874 1201 980 1282 parieti
1002 1203 1123 1265 interno
1137 1201 1186 1265 rel
1208 1202 1382 1288 contiguum
1404 1209 1453 1265 est
1474 1201 1523 1266 rel
1544 1201 1572 1264 ei

379 1299 496 1365 cellulis
519 1301 647 1387 siugulis
669 1302 735 1366 siue
759 1303 815 1366 llis
838 1301 984 1368 adhaeret
1004 1303 1065 1386 rel,
1087 1303 1152 1368 ltasi
1174 1306 1320 1388 apicepue
1338 1305 1485 1390 exceptis,
1508 1323 1571 1369 oua·

378 1403 616 1486 uinculorum,
647 1405 774 1470 altarum
797 1407 948 1471 interum
969 1425 1037 1472 cum
1061 1407 1206 1474 iascioulo
1227 1407 1369 1473 cellulare
1390 1409 1439 1473 cui
1462 1427 1571 1473 nomes

379 1509 556 1574 wlssseltoe
577 1517 640 1592 est,
669 1510 773 1576 intime
795 1511 933 1576 coalitum
957 1531 1027 1577 raro
1048 1511 1174 1576 uterum
1198 1519 1247 1577 est
1267 1521 1301 1577 ut
1322 1513 1353 1578 iu
1375 1513 1571 1596 Polytrictia.

379 1614 538 1699 Sporartpii
560 1615 743 1698 membrana,
767 1623 827 1680 tam
849 1625 978 1681 exterus
999 1635 1087 1700 quam
1110 1618 1240 1699 interna,
1264 1617 1351 1681 iacile
1366 1615 1485 1680 cellulis
1508 1615 1571 1679 suis
1660 1599 1661 1644 ³

382 1717 548 1782 minoribus
578 1718 744 1784 lateraliter
774 1721 958 1804 compressit
988 1739 1006 1783 a
1029 1723 1159 1785 caeteris
1182 1719 1356 1786 cellularum
1381 1721 1485 1784 stratis
1508 1720 1571 1802 qui-

381 1821 508 1886 buscum
531 1823 653 1907 saepius
675 1826 836 1910 conjuncta
857 1833 1004 1908 remanet,
1027 1826 1123 1910 primo
1144 1825 1253 1889 intuita
1274 1823 1478 1909 distinguitur.

464 1927 605 2002 Quamuis
629 1927 667 1992 de
689 1927 745 1994 ltac
768 1929 909 2012 capsulae
925 1930 1072 1994 diuisione
1095 1931 1214 1994 iuterna
1236 1929 1346 1992 nullum
1363 1927 1498 2012 supersit
1519 1928 1572 1991 du·

377 2031 476 2113 bium,
507 2049 568 2096 noo
600 2033 687 2115 pauci
715 2041 816 2098 umen
843 2041 915 2097 suut
942 2033 1072 2098 botaniei
1100 2035 1151 2118 qui
1180 2052 1247 2097 eam
1277 2040 1399 2118 negant.
1443 2033 1573 2097 Videant

378 2135 521 2218 capsulae
543 2135 689 2198 internam
713 2143 893 2201 structuram
915 2139 1093 2218 lienteriae,
1117 2138 1324 2217 Bactrona'ae,
1347 2137 1571 2214 Bsedcasss'oe,
1659 2139 1660 2144 ’

376 2237 550 2322 Dipdyscii,
574 2239 756 2322 Polptriclts'i
770 2260 798 2304 e.
815 2261 853 2306 m.
868 2262 896 2305 a.
920 2251 951 2306 et
974 2262 1034 2307 non
1057 2244 1134 2308 ultra
1157 2244 1195 2307 de
1217 2241 1361 2326 capsulae
1384 2240 1506 2325 proprie
1529 2240 1571 2303 sic

376 2341 474 2408 dictae
496 2350 587 2426 atque
609 2343 764 2429 sporaugii
787 2344 926 2410 distincta
949 2346 1050 2411 indole
1072 2346 1257 2412 dubitabunt

465 2449 662 2534 Sporanpium
694 2449 834 2533 capsulae
864 2451 972 2536 parieti
1003 2451 1122 2515 interno
1154 2449 1392 2532 columellaeque
1424 2447 1572 2512 adactam
1659 2451 1661 2470 ¹

379 2551 500 2634 dicitur,
525 2552 595 2616 dum
611 2551 700 2636 lujua
722 2553 862 2638 illiusque
878 2555 995 2620 cellulis
1018 2562 1079 2619 tota
1101 2554 1261 2638 superlicie
1282 2555 1477 2636 conjunctum
1500 2568 1571 2614 cou-

375 2657 501 2742 aptatur
515 2655 691 2737 (Asdroeo,
714 2658 902 2739 Plcscsas),·
923 2659 1063 2743 capsulae
1079 2661 1265 2742 costs'patatn,
1287 2675 1356 2721 oum
1376 2663 1469 2730 extus
1490 2655 1571 2720 tiba-

376 2779 459 2842 ruau,
490 2757 617 2844 spatium
641 2759 753 2827 nullum
783 2765 862 2828 inter
884 2782 919 2828 se
942 2765 1039 2848 ipsum
1062 2771 1094 2830 at
1115 2763 1255 2848 capsulae
1276 2761 1424 2846 parietem
1446 2759 1573 2824 admittit

376 2867 507 2944 (Pettio,
530 2863 657 2950 Brysas,
679 2867 805 2946 Isim,
827 2867 1007 2951 lippeam
1027 2875 1116 2932 estas
1129 2885 1319 2952 suspesm
1341 2883 1411 2929 cum
1426 2863 1570 2948 capsulae

376 2977 408 3036 et
429 2970 583 3056 sporaupii
609 2971 744 3054 parietes
765 2977 825 3036 tam
853 2971 946 3058 leuga
967 2990 986 3037 a
1007 2989 1043 3038 aa
1065 2972 1193 3036 lavioem
1221 2969 1333 3036 distant
1361 2978 1395 3034 ut
1422 2987 1486 3035 aea
1514 2967 1571 3032 uisi

377 3073 434 3138 dlis
464 3075 719 3144 tramersslibus
752 3075 833 3140 iuter
863 3095 899 3140 se
927 3076 1143 3142 cohaesionem
1174 3075 1342 3160 praebeamt
1362 3073 1571 3151 (dormis,

374 3179 525 3258 rm
547 3179 749 3261 Dipltyscisss
763 3198 791 3244 e.
807 3185 867 3260 a.);
891 3181 1085 3266 sporaugium
1099 3179 1220 3246 taudem
1242 3181 1367 3246 oasim
1388 3195 1570 3264 sarpam
1661 3181 1662 3220 l

376 3281 504 3348 dicimus
532 3299 601 3346 cum
631 3290 692 3348 tota
725 3285 797 3368 ejus
829 3285 1002 3350 membrana
1023 3285 1217 3350 circumcirca
1246 3285 1342 3350 libera
1364 3291 1424 3350 tam
1446 3283 1485 3348 alt
1507 3283 1570 3365 ipsa
1661 3287 1662 3322 l

376 3385 499 3470 capsula
520 3403 609 3471 quam
631 3406 649 3450 a
672 3387 831 3452 columella
852 3395 967 3454 remota
990 3397 1039 3454 est
1060 3398 1094 3454 ut
1115 3389 1211 3454 littere
1241 3389 1321 3454 inter
1343 3405 1397 3454 eas
1420 3401 1571 3472 suspensa

374 3487 512 3558 rideatur
534 3490 784 3574 (common).
1661 3501 1662 3510 ¹

462 3593 624 3660 theate
647 3613 726 3678 quae
747 3615 765 3659 a
787 3596 929 3680 capsulae
952 3597 1068 3681 pariata
1090 3597 1210 3662 istesso
1231 3603 1263 3660 et
1276 3615 1294 3662 a
1309 3595 1481 3678 columella,
1504 3613 1571 3660 ean

378 3699 572 3784 sporaopium
592 3699 631 3764 alt
660 3719 697 3766 ea
719 3699 830 3782 distet,
861 3700 898 3765 ad
929 3701 1084 3786 sporaagii
1110 3701 1314 3766 mambnsasu
1342 3709 1503 3786 peneusat
1525 3700 1571 3764 rel

375 3803 520 3887 simplicia
542 3803 652 3884 libera,
685 3823 726 3868 ex
746 3821 806 3870 ursa
829 3803 912 3868 seria
942 3805 1116 3872 cellularum
1145 3823 1270 3870 meurs
1297 3803 1460 3872 iacentium
1488 3825 1570 3872 com·

375 3908 472 3992 posita
503 3915 592 3990 suut,
622 3907 671 3972 uel
699 3908 884 3974 decussatim
913 3929 992 3974 nexa
1021 3916 1093 3975 suut
1119 3917 1153 3976 ut
1191 3929 1268 3996 opus
1296 3911 1364 3976 laxe
1391 3911 1570 3976 callulosun

374 4011 515 4078 ettotam

460 4116 493 4182 lu
515 4117 694 4202 sponset·
715 4124 746 4184 et
766 4117 832 4182 aliis
854 4117 1041 4184 Plcsccceis
1062 4126 1095 4182 ut
1116 4126 1148 4182 at
1168 4117 1200 4184 iu
1220 4117 1435 4184 Asdrsasceis
1462 4137 1570 4204 αμυ-

374 4219 421 4284 laa
443 4221 543 4306 paries
565 4222 701 4287 tutemus
723 4221 822 4288 locum
843 4221 997 4308 aporaapii
1020 4229 1121 4306 teum,
1144 4223 1174 4288 iu
1196 4221 1354 4288 Μ
1376 4223 1486 4290 cellula
1508 4243 1570 4290 aaa·

375 4325 488 4390 trlcalls
509 4345 676 4410 sperarum.
