3140 5372
511 405 673 474 liypnaceee.
1125 396 1188 460 Μ

122 582 180 644 late
214 580 505 644 ovato-lanceolatis
538 581 706 644 alternatim
742 578 906 661 majoribus
945 586 994 677 et·
1011 579 1187 658 minoribus,

121 684 255 767 undique
271 685 451 767 patentibus,
469 683 599 766 capsulis
615 685 789 748 rarissimis.
812 682 913 764 Bryol.
930 700 994 748 eur.
1011 683 1029 745 l.
1045 701 1107 746 var.
1119 687 1149 760 pi.
1159 681 1189 746 3.

8 789 75 870 llpp.
97 792 282 892 mucifcrme
303 809 372 892 oor.
392 790 552 870 prolixum
573 787 653 852 Ram.
677 789 776 870 Bryol.
800 788 880 850 unia.

81 912 185 975 liubit,
208 909 245 973 ad
269 927 342 972 saxa
365 909 506 972 immersa
537 908 679 991 lignaque
708 910 851 989 irrorato,
885 911 923 972 ad
953 928 1056 974 muros
1079 930 1189 994 oquae-

7 1013 134 1078 ductuum
159 1022 189 1078 et
211 1021 294 1077 rotas
318 1012 562 1093 molendinarias,
586 1029 802 1094 nonnunquam
826 1012 862 1074 ad
885 1032 977 1095 rupes
1001 1014 1134 1082 madidas
1158 1019 1189 1080 in

7 1122 161 1198 mononis,
195 1137 250 1201 per
280 1125 373 1182 totam
404 1117 556 1199 Europam
586 1126 784 1200 campestrem
815 1125 845 1180 et
874 1125 1042 1183 montanam
1066 1140 1084 1183 e
1107 1139 1189 1185 com-

7 1225 192 1304 munioribus,
216 1224 317 1287 rarius
340 1222 495 1304 subalpina
518 1222 662 1285 ascendit.
709 1224 794 1284 Varr.
817 1223 848 1284 in
870 1223 1021 1287 inundatis
1043 1225 1091 1288 vel
1111 1227 1189 1289 irro-

7 1331 66 1392 ratis
88 1330 252 1412 praecipue
275 1327 422 1390 calcaneis
446 1325 498 1388 ubi
520 1346 583 1391 var.
606 1331 634 1390 d.
658 1328 780 1409 saepius
796 1334 878 1392 terra
894 1329 1038 1411 lopbacea
1062 1330 1190 1394 obducta

7 1431 134 1496 occurrit.
931 1423 935 1432 ’

76 1541 182 1602 Frect.
204 1544 315 1602 matur.
337 1553 409 1600 sero
438 1545 597 1600 auctumno
620 1544 653 1599 et
674 1537 770 1619 primo
794 1555 877 1600 uere.

62 1659 207 1711 Plantamm
231 1657 419 1724 magnitudine,
448 1656 631 1710 ramiiicatione
659 1666 685 1710 et
710 1657 841 1710 loliationa
863 1660 970 1712 maxime
997 1660 1135 1728 sanabile,
1163 1671 1191 1716 ut

7 1756 121 1800 :aeterum
141 1747 253 1798 omnium
272 1761 415 1798 muscarum
434 1745 618 1814 amphibiorum
638 1761 691 1798 mos
711 1755 758 1799 est.
795 1745 901 1800 Uaciale
927 1757 954 1800 et
978 1749 1047 1817 Hyp.
1066 1749 1189 1818 palustri

7 1835 149 1888 rimitlimurn
175 1833 324 1898 observavi,
349 1831 442 1902 pedale
469 1841 495 1885 et
522 1832 623 1902 longius
650 1834 749 1885 Bracb.
768 1834 893 1886 moolers
918 1838 1060 1900 mentiens;
1092 1837 1189 1889 lormae

7 1933 75 1974 tutem
93 1925 245 1975 innumerae
265 1923 436 1974 extremitates
455 1929 640 1972 connectentes
657 1937 707 1972 non
725 1921 808 1973 solum
827 1921 853 1973 in
868 1922 973 1976 diversis
992 1923 1037 1975 sed
1056 1925 1081 1974 io
1100 1923 1189 1976 iisdem

7 2010 168 2063 ¹realitatibus
186 2009 356 2078 reperiuntur,
374 2009 408 2059 ita
427 2017 454 2060 ut
470 2009 582 2076 species,
601 2010 716 2078 quamvis
729 2009 910 2077 proteilormis‚
930 2011 1040 2062 omniurn
1054 2010 1109 2062 tere
1126 2025 1188 2078 cog-

7 2099 45 2150 titn
62 2098 190 2152 facillima
208 2099 250 2150 sit.
1105 2107 1107 2110 ·

386 2217 461 2282 Gen.
487 2214 535 2281 10.
580 2215 792 2282 'l'HAbssllUbl

455 2357 542 2413 Sem.
560 2354 648 2425 Brpol.
666 2375 720 2412 eur.
764 2390 769 2400 ·

77 2484 201 2546 Plantae
226 2459 431 2544 dendroideae
459 2499 478 2542 e
510 2482 596 2545 caule
630 2482 830 2546 subterraneo
851 2482 901 2545 vel
930 2503 948 2546 e
977 2481 1072 2546 latere
1096 2482 1189 2546 caulis

7 2588 166 2651 recondarii
188 2585 357 2648 turionibus
389 2582 497 2670 rigidis
521 2588 712 2650 innovantes.
757 2587 857 2651 Cauiis
889 2589 1048 2669 primarius
1078 2605 1188 2670 repens

7 2693 39 2754 rel
60 2692 283 2755 subterraneus
305 2690 439 2754 rbinoma
462 2689 597 2774 lingens,
632 2691 861 2774 micropbyllns,
895 2690 1055 2771 redicens,
1079 2710 1189 2756 secun·

7 2797 90 2860 larius
117 2804 242 2860 erectus
266 2795 400 2876 solidus,
425 2795 636 2880 sublignosus,
660 2795 891 2878 micropbyllus,
926 2796 1005 2860 loliis
1033 2799 1189 2878 scariosis‚
1267 2800 1272 2807 ’

8 2903 89 2964 unior
112 2901 259 2982 simplex,
291 2900 412 2962 tandem
435 2901 519 2981 apice
542 2897 729 2963 subdisticbe
752 2907 783 2962 et
806 2900 1136 2966 fasciculam-ramosus
1159 2911 1190 2965 et

7 3009 163 3070 umulosus
197 3005 277 3068 unde
312 3004 533 3086 dendroideus3
571 3005 678 3068 ramuli
708 3005 867 3068 breviores
899 3005 1010 3088 obtusi,
1034 3008 1188 3092 longiores

7 3109 220 3196 lagellilormes
244 3110 393 3172 interdum
423 3109 592 3191 longissimi
623 3109 749 3172 demissi
781 3110 865 3191 apice
895 3107 1068 3174 radicantes
1097 3115 1188 3194 inque

7 3217 124 3280 bizoma
150 3231 260 3280 novum
283 3214 425 3280 continui.
470 3214 551 3277 Folia
574 3213 700 3294 8·laria,
731 3214 778 3277 illa
802 3215 895 3278 caulis
917 3217 1050 3298 primarii
1072 3224 1187 3280 remoto

7 3323 112 3383 ninima
144 3319 347 3382 incumbentia
380 3318 533 3396 scariosa‚
565 3319 657 3382 caulis
688 3318 861 3383 secundarii
891 3321 1032 3396 interiora
1062 3322 1188 3385 caulinis

7 3406 131 3506 indita,
146 3425 303 3507 superiora
326 3425 440 3486 sensim
463 3425 575 3506 majora
598 3425 721 3504 viridia,
752 3425 819 3488 laxe
842 3425 1060 3507 incumbentia,
1085 3434 1187 3490 ovato-

7 3533 160 3596 anceolata
184 3527 499 3611 deplanato—concava,
524 3536 608 3592 costa
625 3527 719 3591 valida
737 3528 830 3592 dorso
852 3530 969 3610 scabra,
987 3532 1099 3593 minute
1121 3549 1187 3593 ser-

7 3643 54 3698 ata
78 3637 166 3719 apice
189 3651 298 3719 grosse
322 3633 459 3714 dentata,
491 3631 702 3714 solidiusoula,
727 3652 819 3716 opaca
843 3635 892 3697 vel
907 3634 1105 3714 subnitentia‚
1129 3637 1188 3698 reti

7 3739 89 3803 tenso
124 3741 191 3802 basi
223 3746 352 3822 anguste
386 3737 545 3820 elongato,
580 3739 690 3803 debinc
723 3741 900 3823 rectangulo
934 3743 1047 3823 apicem
1080 3760 1187 3805 uersus

7 3848 106 3907 oinute
129 3843 276 3927 quadrato
300 3851 330 3906 et
358 3843 503 3906 rbombeo
537 3845 652 3908 cellulis
687 3836 951 3928 cbloro'pbpllosis3
985 3846 1053 3909 lolia
1086 3865 1187 3910 ramea

7 3959 25 4010 et
46 3951 194 4013 ramulinu
219 3950 345 4012 caulinis
375 3951 550 4033 angustiora
572 3951 749 4033 plerumque
782 3951 848 4032 plus
883 3952 1017 4013 minusve
1048 3951 1188 4014 distincte

7 4057 190 4138 :omplanala
234 4055 338 4118 stores
363 4053 451 4117 diolci
474 4054 521 4117 vel
544 4055 715 4119 bisexuales
739 4057 895 4137 utriusque
919 4073 1012 4118 sexus
1040 4057 1069 4119 in
1093 4057 1187 4120 caulis

7 4161 169 4224 recondarii
202 4167 284 4244 parte
308 4177 438 4246 'ramosa
471 4161 641 4240 numerosi,
679 4161 836 4243 parigonia
868 4161 1003 4242 gracilia.
1048 4160 1185 4243 Calyptra

7 4266 123 4330 nediam
148 4265 300 4347 capsulam
323 4265 483 4349 attingens.
529 4265 676 4347 capsulae
698 4265 876 4347 plerumque
906 4265 1090 4348 adgregatae
1117 4266 1186 4329 bre-

7 4373 75 4434 riter
99 4379 129 4433 et
151 4369 497 4452 arcuato-pediceltatae,
520 4369 668 4452 pedicello
691 4369 777 4450 laevi,
801 4368 1016 4450 horizontates,
1038 4373 1187 4433 crassius-

7 4477 62 4537 :ute
88 4484 192 4539 ovatae
217 4475 264 4536 vel
289 4476 449 4560 oblongae,
472 4475 705 4557 pacbydermae,
728 4483 855 4558 anguste
879 4477 1047 4538 annulatae.
1092 4475 1185 4557 Oper-

7 4582 97 4642 :ulum
119 4581 341 4665 longirostrum.
387 4581 555 4643 Peristomil
579 4582 678 4663 magni
701 4579 808 4655 (lentes
831 4579 1035 4662 crassiusculi‚
1059 4587 1186 4662 anguste
