3144 5366
367 350 430 411 lilii
881 355 1044 424 ilppnaceae.

366 532 445 614 Hyp.
469 531 648 612 iugulorum
671 529 754 593 Wss.
777 537 810 593 et
831 529 915 593 Mona
938 529 1003 594 Bot.
1027 530 1059 593 Τ.
1177 589 1181 599 ,

452 652 555 716 llobit.
579 651 655 716 locis
677 650 789 733 apricis
812 651 974 734 praecipue
991 651 1154 738 argillosis,
1177 650 1382 734 adspicerem
1397 655 1531 736 margines

365 757 403 823 ad
426 757 572 820 montium
593 756 688 820 latera
710 757 804 838 sicea,
826 758 858 820 in
881 757 1025 821 turinceis
1048 757 1198 822 montanis
1221 764 1253 822 et
1274 758 1381 840 alpinis
1403 757 1533 822 exermis

363 879 560 947 peromnem
584 860 736 942 Europam
759 862 902 946 vulgare,
933 862 1009 927 locis
1031 862 1222 944 paucissimis
1245 861 1362 942 lertile,
1392 880 1441 926 ex.
1458 863 1535 944 gn'u

366 965 536 1048 Norvegiae
551 964 629 1030 valle
647 965 940 1032 Galdbrocdadcleu
954 965 1005 1027 ubi
1021 981 1085 1028 rev.
1103 966 1290 1029 Somnsssr
1304 967 1418 1048 primus
1430 965 1535 1028 omniun

363 1071 528 1155 specimina
551 1070 695 1134 nonnulla
718 1050 750 1132 in
771 1077 853 1134 teoto
876 1070 1042 1142 straminea
1064 1070 1190 1152 reperit,
1215 1069 1332 1150 serius,
1367 1070 1453 1133 mnu
1475 1063 1535 1130 tall

364 1183 395 1240 et
425 1171 509 1239 1850
540 1173 766 1240 oculatissimus
797 1175 846 1240 Fn.
869 1175 990 1240 Annona
1026 1192 1121 1257 propa
1158 1175 1419 1256 Meadoeacbaocip
1453 1189 1537 1236 versu

339 1279 392 1356 b.
414 1279 486 1344 laur
513 1277 634 1342 ditionis
665 1278 859 1344 Monacensis
888 1279 1042 1360 caespites
1073 1287 1219 1343 extensos
1256 1278 1405 1342 fructibus
1436 1285 1535 1342 onusto

361 1383 479 1448 detexit
501 1391 685 1466 assuetaque
706 1384 887 1448 liberalitate
910 1381 1127 1468 speciminibus
1149 1381 1421 1468 praestantissimis
1444 1383 1535 1447 nelo

363 1489 456 1572 nant,
477 1489 509 1552 in
532 1486 610 1572 Alpe
633 1489 740 1553 Docre
762 1489 859 1565 (fratr.
883 1485 1043 1564 iimreca).

449 1595 553 1658 Fruot.
575 1601 686 1660 mutar.
709 1591 800 1658 lulio.
898 1609 903 1622 ·

432 1715 539 1786 Species
558 1715 756 1780 distinctissime,
776 1713 808 1766 ab
826 1713 943 1766 omnibus
962 1715 1065 1782 generis
1079 1713 1143 1766 adeo
1156 1723 1254 1767 renam
1266 1723 1296 1767 ut
1306 1724 1398 1783 twum
1411 1713 1537 1782 abgarum

361 1805 465 1858 afficiat.
502 1801 608 1856 Plantae
627 1801 758 1855 masculae
777 1801 896 1854 femineis
916 1800 1014 1854 similes
1032 1799 1178 1854 rarisrimso
1196 1811 1268 1870 sunt,
1293 1805 1473 1874 caespitem
1493 1817 1540 1870 pm·

360 1893 430 1962 prios
453 1892 553 1945 sistunt.
589 1887 726 1960 Perigonia
753 1903 890 1942 numerosa
917 1888 1088 1942 amariusculs
1111 1888 1266 1958 polypbylla
1288 1890 1392 1944 eunicus
1417 1891 1539 1960 plussin

359 1990 449 2035 tenent
465 1995 523 2032 raro
541 1979 664 2044 minutos,
683 1987 760 2047 atque
777 1975 921 2030 mtbcridta
938 1991 1031 2044 magna
1048 1975 1136 2032 eclam
1152 1976 1246 2046 quibus
1263 1979 1426 2048 psrapbpscs
1442 1980 1539 2048 eopiosa
1565 2019 1566 2030 l

300 2077 302 2080 '
361 2068 460 2139 petbus
478 2066 637 2128 lutcsccntas
655 2066 798 2119 associatae
816 2065 987 2134 reperiuntur.

682 2239 817 2326 Subgen.
839 2237 869 2302 5.
915 2237 1238 2302 llonromallium.

446 2379 569 2446 Plantae
596 2380 731 2444 minores
759 2377 1159 2462 depresso-caespitantes‚
1197 2377 1277 2442 laete
1304 2379 1437 2462 maiales,
1473 2379 1540 2444 caua

359 2492 486 2568 repente
508 2485 722 2568 irregulariter
743 2481 1036 2567 pinnato-ramuloso
1057 2483 1181 2546 ramulis
1205 2500 1327 2548 sursum
1352 2487 1537 2570 vergentibus

359 2589 439 2655 loliis
470 2589 566 2654 larius
601 2587 755 2672 dispositis
785 2588 896 2651 leniter
925 2605 987 2650 uno
1017 2606 1112 2651 sensu
1146 2606 1269 2654 sursum
1304 2593 1436 2656 curvatis
1467 2589 1531 2660 (aaa

358 2695 500 2774 nomen),
524 2692 795 2772 sericeo-nitidis,
828 2693 886 2756 reti
910 2709 965 2776 pro
988 2711 1105 2776 genere
1128 2691 1314 2779 laxiusculo,
1350 2695 1528 2760 rbombcile

357 2799 471 2880 lineali,
488 2797 612 2862 lloribus
629 2799 786 2880 monoicis,
803 2795 926 2879 capsula
938 2797 1193 2863 incurvo-cernua
1207 2799 1339 2893 oblonga
1354 2801 1462 2873 ruinis,
1479 2801 1528 2864 siu

357 2903 414 2966 sub
438 2919 493 2968 ore
516 2904 716 2990 anangulum,
745 2899 890 2985 operculo
914 2901 1047 2966 breviter
1071 2903 1262 2968 acutirostrc.

743 3091 788 3161 17.
817 3094 950 3178 llyprun
965 3067 1167 3188 'incurvatum⁸

849 3234 954 3290 smum
974 3233 1061 3306 crppc
1564 3237 1565 3276 l

443 3353 602 3436 caespites
617 3362 738 3436 mnues,
753 3359 898 3439 mntexti,
915 3358 1028 3433 nudes
1051 3367 1151 3424 aetate
1173 3359 1459 3433 viridi-luteaccstcs
1475 3361 1536 3422 sub

355 3458 476 3522 cericei.
514 3457 598 3522 llami
621 3467 653 3522 et
674 3461 780 3526 ramuli
802 3463 888 3544 apice
902 3463 1060 3530 incausati.
1099 3463 1183 3530 Folia
1196 3465 1265 3532 laxa
1279 3483 1404 3532 mesum
1416 3465 1536 3530 accub

355 3561 479 3644 apicalit
501 3560 680 3646 subialcatn,
703 3566 1030 3650 oblongo-lanceolata,
1046 3569 1189 3636 ›tsnuber
1211 3570 1397 3650 acuminata,
1417 3571 1537 3652 integat·

355 3667 430 3730 rima
454 3665 503 3730 vel
526 3667 611 3749 apice
633 3677 750 3734 remota
773 3677 806 3734 et
827 3673 941 3736 ninnte
964 3673 1129 3754 aemulata,
1159 3675 1365 3749 consumuat
1386 3683 1461 3740 costa
1481 3691 1538 3756 gr·

355 3769 446 3834 mella
468 3771 611 3853 perbrevi
632 3774 770 3838 obsoleta
792 3776 957 3856 inermen,
993 3777 1191 3864 ad.rugules
1221 3778 1332 3850 buter
1352 3780 1538 3847 demun*

355 3873 453 3938 lan'us
476 3875 781 3958 quadum-erectam
821 3880 999 3946 l’cricbaatii
1021 3882 1204 3966 longiusculi
1226 3883 1536 3970 remeabamus

355 3977 447 4062 longe
462 3979 641 4062 acuminata,
656 3983 868 4064 tenuicostata,
885 3985 964 4052 baud
978 3986 1102 4054 sulcata.
1140 3987 1270 4072 Capsuls
1283 3991 1534 4054 memo-remu.

354 4080 484 4167 oblonga
512 4090 543 4147 et
571 4085 778 4171 cylindrscea,
811 4089 1100 4172 ocbracco-rululs‚
1131 4094 1276 4176 operculi.
1297 4093 1397 4159 luteoli
1417 4093 1533 4158 rastelli

352 4193 439 4250 rectu
469 4187 518 4251 vel
552 4189 694 4273 incurvo,
725 4193 837 4259 annulo
871 4195 1035 4269 trisoricto.
1078 4197 1250 4264 Peristomii
1285 4199 1388 4266 dentes
1423 4199 1531 4262 ium

355 4289 541 4374 ferruginei,
573 4296 660 4377 apice
682 4296 961 4382 subolatopsllidi,
992 4301 1079 4374 intus,
1095 4301 1289 4388 trabeculati,
1310 4319 1462 4388 procum
1483 4315 1524 4360 ὓ

353 4401 444 4474 gusta
466 4397 602 4477 pertusi,
634 4401 732 4466 ciliola
764 4403 863 4468 binata
887 4404 990 4473 tenuia
1011 4405 1113 4490 longa.
1158 4407 1274 4491 Sporao
1295 4408 1396 4474 luteae.
1439 4403 1519 4484 Bnt'

280 4490 675 4580 ‘mmmm
