3336 5352
360 346 488 400 xxxvtu
873 346 1037 400 introductio.

360 521 392 586 ln
414 524 571 605 Sphopnis
593 521 830 605 hemisphaerica
854 525 1017 606 sporangio
1040 525 1160 588 obtecta
1182 523 1377 606 conspicitur,
1400 521 1430 583 in
1445 519 1555 600 Ephe-

360 629 453 690 meris
475 634 564 710 atque
587 626 746 690 Archidiia
767 625 1009 690 omnino-deest
1055 626 1222 692 Contentus
1251 625 1415 690 cellulosus
1442 641 1463 723 ¹e
1491 641 1555 704 quo

360 731 544 811 ellormatur,
568 732 665 813 laxus,
684 729 877 809 tenerrimus,
896 731 926 793 in
943 730 1041 795 lruotu
1056 731 1173 798 matllro
1188 734 1349 798 marcescit
1368 739 1459 815 atque
1475 730 1555 796 adeo

359 836 544 899 contrahitur
575 843 607 898 ut
637 836 666 898 in
698 835 797 898 multis
827 833 989 916 speciebus
1021 837 1073 900 vix
1100 839 1167 920 ejus
1195 837 1325 922 vestigia
1355 837 1387 899 in
1409 835 1554 918 capsulae

359 939 451 1002 lunda
474 940 683 1022 reperiantur,
707 937 786 1022 {pars
817 940 959 1020 superior
991 941 1135 1022 operculo
1168 940 1337 1006 adhaerens
1360 958 1488 1004 unacum
1512 955 1553 1002 eo

359 1043 473 1128 effugit.
518 1045 584 1108 Non
612 1046 698 1129 pauci
731 1053 831 1108 umen
860 1051 930 1106 sunt
960 1046 1055 1108 musci
1086 1063 1213 1128 quorum
1245 1045 1403 1110 columella
1430 1043 1554 1128 longius

358 1149 507 1228 persistit,
531 1149 735 1232 capsulaequa
758 1148 904 1212 orificium
928 1157 998 1230 post
1019 1151 1154 1233 operculi
1176 1149 1307 1232 lapsum,
1330 1149 1410 1233 stylo
1432 1148 1552 1228 sirnilis,

358 1260 490 1334 superat,
515 1271 608 1336 quare
632 1256 818 1338 antiquiores
842 1275 907 1319 eam
930 1272 985 1337 pro
1008 1254 1118 1337 pistillo
1140 1254 1309 1335 habehant3
1333 1255 1363 1317 in
1378 1253 1444 1318 aliis
1459 1271 1552 1335 oper-

358 1356 457 1419 culum
480 1355 652 1438 detrusum,
685 1377 773 1442 supra
796 1360 949 1442 capsulam
972 1366 1133 1422 retractam
1156 1358 1263 1422 attollit
1284 1359 1406 1441 sicque,
1430 1357 1552 1420 umhra-

358 1459 418 1522 culi
441 1458 478 1524 ad
501 1461 610 1542 instar,
636 1469 683 1524 sat
702 1463 793 1547 longe
817 1463 945 1544 retinet,
969 1481 1029 1546 quo
1052 1461 1084 1526 ht
1106 1470 1140 1526 ut
1153 1463 1302 1546 capsula,
1334 1469 1379 1526 tot
1400 1469 1474 1545 quot
1495 1461 1552 1525 hu-

357 1583 442 1630 more
465 1565 615 1648 dilatatur,
640 1568 783 1650 operculo
806 1587 862 1632 suo
884 1567 1072 1648 recludatur,
1105 1567 1336 1650 phaenomenon
1358 1566 1439 1650 quod
1462 1565 1552 1630 lacile

356 1670 386 1732 in
410 1671 626 1752 Gynmostomo
650 1673 851 1753 cnroiroatro,
875 1673 907 1737 in
922 1674 1027 1738 Potito
1046 1673 1170 1751 Halmii,
1192 1671 1223 1736 in
1238 1673 1425 1736 Mandontc
1438 1669 1551 1732 Hom-

355 1777 553 1856 rchuclaiono,
577 1777 607 1838 in
631 1777 780 1842 Climacio
804 1785 835 1840 et
857 1779 923 1843 aliis
948 1778 1058 1841 muscis
1082 1778 1121 1841 oh
1144 1777 1308 1840 honorem
1323 1776 1446 1858 spstylii
1460 1774 1551 1838 dictis

356 1880 512 1945 observari
535 1889 646 1964 potest.

476 2075 504 2136 s.
523 2073 564 2126 ts
600 2075 649 2126 Da
665 2073 791 2128 motus
808 2075 975 2128 muciucro
993 2075 1129 2128 sonasse
1146 2087 1204 2126 sen
1221 2072 1425 2140 periclitatio.

445 2196 670 2260 Per-ichoetium
693 2199 802 2280 (aalys
822 2199 893 2262 llao.
917 2207 947 2262 et
969 2197 1049 2262 Baro.
1074 2216 1113 2262 an
1134 2203 1189 2280 p.),
1213 2214 1270 2260 scu
1291 2195 1408 2260 tructus
1430 2193 1548 2259 involu-

355 2318 439 2364 crum
462 2301 640 2385 plerumque
662 2303 787 2385 partiale
810 2322 880 2367 raro
903 2303 1085 2383 universale,
1109 2322 1125 2367 a
1152 2301 1312 2386 perigynic
1335 2318 1404 2364 cnm
1427 2315 1487 2382 quo
1510 2299 1549 2362 ab

354 2406 511 2489 hedwigio
533 2414 745 2472 commutatum
770 2416 833 2490 est,
864 2407 1017 2471 diversum
1041 2426 1128 2487 essa,
1152 2425 1243 2489 supra
1266 2404 1548 2470 demonstravimus.

352 2509 541 2574 lovolucrum
564 2510 637 2591 hoc,
662 2511 740 2594 quod
764 2514 795 2576 in
818 2514 948 2597 majore„
956 2529 1128 2577 muscarum
1150 2527 1278 2576 numero
1300 2509 1394 2574 solam
1420 2509 1547 2592 vaginu-

352 2613 410 2676 lam
431 2613 630 2697 pedicellique
653 2624 769 2697 partem
792 2617 984 2696 interiorem,
1008 2617 1106 2681 rarius
1129 2623 1221 2680 totam
1243 2614 1396 2698 capsulam
1418 2613 1547 2698 obtegit,

353 2739 371 2783 e
394 2717 473 2782 loliis
497 2717 672 2783 eilormatur
694 2737 711 2783 a
734 2721 862 2784 caulinis
884 2729 943 2785 tam
966 2723 1186 2807 aggregatione
1219 2739 1308 2804 mam
1337 2719 1433 2784 lorma
1454 2726 1548 2802 atone

352 2830 499 2886 contextu
514 2824 581 2906 plns
598 2823 735 2888 minusve
751 2824 910 2888 distinctis.
955 2824 987 2888 ln
1003 2825 1231 2910 multisjmuscis
1247 2845 1286 2889 ex
1302 2823 1547 2907 Acrocarporum

352 2929 433 2991 serie
448 2926 664 3010 perichaetium
680 2931 730 2992 vix
745 2948 762 2992 a
779 2929 858 2992 loliis
876 2948 952 3012 quae
969 2931 1062 2994 caulis
1078 2932 1277 2996 summitatem
1293 2936 1441 3012 occupant
1455 2937 1546 3011 atque

353 3037 486 3098 comalio
508 3034 649 3098 dicuntur
671 3035 843 3100 distinctum
865 3036 1033 3117 reperitur,
1063 3043 1096 3100 ut
1117 3037 1148 3099 in
1171 3034 1276 3118 Brpis,
1290 3023 1404 3114 'liclia
1427 3033 1547 3098 Ortho-

351 3140 476 3220 tra'chia,
499 3139 530 3202 in
553 3139 611 3202 illis
634 3147 733 3204 antem
757 3142 808 3224 qui
831 3141 1100 3224 Pleurccarpornm
1116 3141 1270 3206 cohortem
1287 3133 1545 3204 ellormant'sem-

350 3263 406 3326 per
437 3243 579 3308 distincto
615 3243 804 3330 effiguratum
839 3247 1030 3329 conspicitur.
1075 3246 1108 3310 ln
1140 3246 1302 3330 speciebus
1341 3261 1419 3327 quae
1456 3243 1544 3326 peri-

350 3347 468 3413 chaetio
491 3367 508 3412 a
531 3350 626 3414 caulis
650 3367 735 3414 coma
758 3350 865 3416 foliosa
888 3353 1031 3434 sejuncto
1055 3349 1205 3434 gaudent,
1239 3350 1334 3414 forma
1365 3349 1433 3433 eJns
1464 3349 1545 3410 inter

349 3471 554 3539 gemmaceam
577 3463 668 3538 atque
689 3455 909 3538 cylindracenm
941 3455 1018 3518 haud
1047 3471 1118 3518 raro
1139 3454 1226 3518 valde
1258 3455 1430 3537 elongatam
1460 3459 1544 3516 arcta

349 3559 539 3643 saginantem
561 3563 665 3626 variat.
711 3561 792 3624 lolia
825 3559 1047 3642 perichaetialia
1075 3560 1172 3624 laxins
1205 3562 1356 3625 arctiusve
1384 3559 1544 3624 imbricon-

348 3669 397 3726 tur
419 3669 452 3726 ut
473 3663 505 3726 in
529 3665 629 3754 multis
653 3663 814 3746 Bryoccia,
839 3665 1016 3743 Pettioceir,
1042 3665 1264 3746 Grimmioceis,
1288 3665 1336 3728 vel
1352 3663 1545 3728 involvuntur

348 3777 380 3832 nt
403 3769 432 3831 in
455 3768 641 3852 porichaetio
664 3771 798 3833 Dieroni
819 3771 969 3852 scoporii,
993 3769 1161 3832 Schraderi
1183 3789 1261 3850 e.a.‚
1284 3769 1442 3834 Borhuloe
1465 3787 1544 3832 oon-

348 3873 487 3953 colotoe,
517 3873 739 3952 Leucadootis,
766 3875 907 3952 Thaidii,
932 3875 1092 3954 Climoeii3
1133 3873 1262 3938 fructum
1284 3881 1378 3938 totum
1402 3873 1545 3938 obvelant

347 3970 377 4042 in
410 3979 577 4042 Grimmioe
609 3979 783 4063 subgeoere
815 3979 998 4056 Schirtidio,
1035 3977 1066 4040 in
1087 3977 1267 4062 liedaoipio,
1305 3979 1335 4042 in
1356 3979 1543 4058 Festinato,

349 4083 541 4166 cryptam,
552 4081 882 4166 multisquoll'cclrerae
892 4080 1065 4164 speciebus,
1083 4083 1545 4168 inAndroca'satqueSphogm's

347 4192 443 4272 primo
466 4197 602 4272 tempore
626 4189 813 4254 maturitatis.

435 4293 639 4359 Consistentia
662 4302 693 4358 et
715 4299 875 4357 contextus
900 4291 1037 4356 loliorum
1068 4290 1323 4376 perichaetialium
1352 4311 1413 4356 non
1445 4295 1543 4356 minus

348 4399 384 4462 ah
406 4399 465 4463 illis
489 4399 628 4463 loliorum
644 4399 829 4464 caulinorum
845 4395 1017 4479 discrepant
1032 4413 1120 4480 mam
1137 4397 1242 4478 torma,
1265 4417 1343 4482 quae
1359 4397 1437 4462 adeo
1449 4399 1544 4462 vniat

349 4511 379 4567 ut
403 4523 461 4566 non
484 4503 581 4568 solum
604 4505 634 4568 ln
659 4503 717 4568 alio
741 4521 858 4587 genero
890 4502 945 4566 sed
974 4503 1064 4566 ctiam
1091 4503 1121 4567 in
1144 4505 1201 4568 alia
1224 4505 1328 4587 specie
1351 4503 1409 4568 alia
1431 4502 1541 4587 ‹lepro-
