3104 5368
501 377 640 446 Bryaeene.

410 589 438 653 t.
467 586 565 654 lieris
588 585 726 653 demisso

413 743 507 796 lleesia
526 745 635 796 demisse
653 743 727 796 llscu.

71 883 219 966 caespituli
243 883 420 947 condensati
435 884 638 962 mlesceutes,
663 889 797 946 tomento
812 883 985 968 radiculoso
1001 883 1098 946 dense
1113 885 1168 946 im·

32 991 74 1051 nri.
112 989 187 1051 lolia
211 988 326 1050 caulina
349 989 620 1052 ovalo-lanceolata
651 995 735 1051 costa
759 988 815 1050 sub
844 987 931 1069 apice
953 981 1170 1066 evanescente,

32 1093 102 1153 »malin
122 1092 432 1175 oblongo-lanceolata
455 1099 540 1155 costa
563 1092 733 1155 excedente
755 1092 847 1173 longe
863 1090 1028 1172 cuspidatn,
1047 1091 1169 1174 juniora

32 1197 86 1257 ridia
106 1197 166 1258 basi
188 1197 337 1278 apicequc
359 1196 498 1258 rubentia
513 1199 635 1259 seniore
656 1196 852 1275 rufescentia,
876 1195 1020 1258 ramulinn
1042 1195 1170 1258 caulinis

32 1299 86 1360 nilla
106 1299 227 1362 densius
250 1298 396 1375 conlecta,
420 1298 488 1362 laxe
513 1301 678 1363 imbricata.
724 1299 852 1381 Capsuln
868 1301 898 1361 in
914 1297 1062 1381 pedicello
1081 1319 1168 1363 arcu·

32 1403 194 1481 ndomissa,
227 1421 297 1466 cunr
324 1404 402 1466 collo
432 1406 597 1487 sperengio
620 1405 861 1487 subaeqnilongo
884 1404 1086 1467 crassinscule
1108 1404 1168 1466 cla·

32 1511 65 1566 tn.
89 1507 194 1570 luteola
218 1513 317 1570 aelate
341 1515 498 1586 castanea,
533 1507 677 1589 operculo
701 1507 823 1588 obliquo
846 1510 969 1588 parvulo
1001 1508 1167 1572 mamiliani.

32 1611 141 1671 ristomii
163 1609 274 1674 dentes
296 1613 474 1687 lanceolati‚
498 1611 617 1674 inlerne
641 1611 826 1694 ferruginei,
849 1627 1012 1692 processus
1033 1628 1051 1672 e
1073 1631 1168 1674 mem-

32 1729 71 1772 ma
94 1713 210 1776 basilari
233 1714 374 1778 dentibus
397 1715 487 1799 duplo
511 1715 685 1798 longiores,
717 1716 802 1796 apice
824 1715 986 1778 trabeculis
1014 1721 1169 1779 transver-

32 1815 90 1875 libns
110 1818 188 1879 inter
209 1835 247 1880 se
269 1819 488 1898 cohaerentes,
522 1819 591 1882 cilia
612 1819 792 1882 brevissima
821 1819 954 1882 solitaria
982 1819 1032 1880 vel
1058 1820 1168 1884 binata.

32 1919 76 1998 pol.
98 1939 160 1983 eur.
183 1921 233 2001 lv,
258 1922 329 1987 tab.
347 1920 420 1991 341.

32 2043 89 2102 usto
111 2045 244 2106 deseca
265 2045 353 2108 caule
374 2063 514 2121 ramoso,
546 2043 624 2108 loliis
649 2044 805 2128 oblongis,
829 2043 915 2108 tbeca
937 2043 1066 2126 pendulo
1088 2045 1169 2124 ppri-

103 2147 190 2209 lormi
212 2148 358 2230 operculo
380 2148 623 2232 hemisphaerico
645 2149 817 2213 umbonato.
854 2148 998 2212 llonsscn.
1016 2147 1168 2232 Regensb.

104 2248 166 2316 Bot.
199 2252 277 2314 Zelt.
303 2249 395 2316 1819.
439 2252 519 2315 Bam.
549 2251 650 2334 Bryol.
681 2252 762 2313 univ.
785 2250 825 2332 ll,
854 2269 884 2334 p.
907 2247 957 2316 64.
1002 2251 1168 2315 &nussum

103 2356 121 2416 S
194 2407 202 2420 .
267 2406 274 2420 .

32 2475 90 2534 pum
111 2355 275 2523 dlelrlgsselclrln
291 2460 390 2526 lloorr.
419 2461 513 2524 llusc.
536 2429 618 2524 eret.
640 2457 679 2539 ll,
704 2469 724 2524 t.
749 2455 800 2524 99.
844 2457 893 2522 lla.
917 2465 948 2522 et
977 2459 1041 2522 Sco.
1068 2458 1168 2540 Eryci.

102 2581 164 2626 eur.
211 2563 245 2628 G.
270 2564 384 2627 blbnusn
407 2565 477 2646 Syn.
515 2563 824 2629 demsterus.
859 2563 951 2626 Wns.
973 2563 1073 2645 Bryol.
1097 2562 1167 2624 Brit

66 2682 159 2748 dabit.
183 2685 224 2746 ad
249 2691 362 2749 terrum
383 2687 413 2748 in
430 2687 555 2748 summis
571 2683 690 2767 Alpium
707 2686 927 2748 cacuminibus:
950 2685 980 2746 in
996 2683 1167 2766 llorvegiac

32 2785 99 2866 pibus
127 2789 177 2850 ubi
202 2789 241 2852 cl.
269 2789 526 2871 scampinus
549 2791 680 2853 omnium
703 2791 818 2852 detexit
846 2789 945 2851 serius
974 2789 1039 2870 ipse
1062 2788 1168 2850 obser·

32 2889 59 2956 u',
87 2899 241 2954 caeterum
267 2893 297 2954 in
320 2895 444 2956 summis
474 2895 715 2976 Pyrenaeorum,
747 2893 917 2971 Helvetiae,
950 2893 1167 2975 salisburgiae,

32 2995 91 3054 rolis
112 3002 142 3056 et
162 2997 339 3061 carinthiae
355 2998 491 3080 Alpibus,
515 3016 637 3080 semper
652 3005 751 3060 terrmn
765 2996 854 3059 valde
876 2996 1035 3077 sporadice
1057 2997 1167 3058 inveni.

63 3097 157 3162 Frmt.
180 3109 296 3162 erutor.
320 3100 357 3162 nd
380 3103 503 3164 aestatis
527 3099 627 3164 linem.

420 3307 495 3370 Gen.
518 3309 548 3372 5.
592 3309 722 3373 MNlUld.

482 3447 552 3500 Ltus.
572 3449 671 3500 emend.

67 3564 150 3629 blnsci
173 3569 259 3632 inter
281 3567 433 3648 Bryaceas
458 3568 691 3650 speciosissimi,
727 3566 862 3652 gregarii
884 3565 932 3629 vel
953 3567 1168 3648 caespitanles‚

32 3681 59 3728 nc
77 3669 319 3736 innovationibus
335 3670 524 3752 busilaribus,
542 3691 621 3737 nunc
637 3673 806 3737 stolonibus
823 3670 1033 3734 subterraneis
1048 3667 1168 3734 demum
1270 3673 1285 3688 '

32 3772 203 3838 endentibus
243 3777 338 3840 vitam
376 3777 596 3840 continuantes.
642 3777 741 3840 caulis
779 3792 897 3839 nnuuus
934 3773 1062 3855 simplex
1097 3792 1168 3838 raro

32 3873 106 3955 rbus,
137 3880 266 3942 ramulis
299 3897 515 3962 nonnunquam
545 3880 803 3965 bugclblormibus
835 3879 966 3940 arcuatis
987 3880 1037 3942 vel
1063 3895 1170 3959 prore·

32 3979 111 4040 stibus
132 3983 319 4064 instructus,
351 3983 547 4067 subligneus,
579 3985 679 4048 nudus
710 3983 759 4047 vel
781 3982 1168 4048 tomentoso-rndicnlosos.

32 4077 62 4140 lia
82 4085 217 4152 interiora
241 4106 301 4171 pro
325 4105 411 4152 more
433 4095 559 4166 remote,
582 4089 704 4166 minuta,
728 4087 763 4150 5-
784 4087 833 4150 vel
856 4085 999 4162 8·sticlra‚
1021 4085 1058 4150 sd
1073 4086 1169 4150 caulis

32 4187 170 4252 nnbalem
191 4192 364 4256 floriferam
388 4190 418 4252 in
434 4192 563 4254 rosulum
579 4200 738 4278 congesta,
760 4191 858 4256 ebusi
878 4192 1055 4274 angustiore
1070 4191 1169 4254 rarius

32 4290 254 4374 nianplexirauli
291 4303 325 4358 et
358 4295 543 4360 decurrente
573 4296 633 4360 late
667 4296 811 4372 obovata,
830 4293 1167 4375 -obovatospntbuletm

32 4393 179 4482 teoblongn
201 4399 252 4464 vel
275 4398 531 4482 linguloeiormin,
554 4399 650 4462 solide
673 4405 801 4474 costuta,
829 4403 965 4484 margine
987 4400 1156 4460 incrassnto

32 4495 43 4552 'l
54 4499 258 4574 plano-timone
276 4505 358 4570 lacti
375 4521 429 4566 seu
447 4505 572 4586 simplici
587 4505 734 4588 duplicius
754 4503 836 4566 serie
855 4505 989 4568 denb'um
1003 4499 1165 4567 collinens

46 4613 157 4662 manaen,
171 4617 291 4670 synopsis.
926 4609 960 4660 25
