3140 5372
887 385 1059 440 totusue.
1131 457 1135 468 Ι
1181 421 1187 435 ,

866 663 989 747 intus
1016 661 1072 746 lll.

767 819 1169 902 musmonem.

457 981 552 1046 llusoi
575 980 661 1043 caule
684 981 824 1061 primario
847 987 975 1063 repente
999 1000 1017 1042 e
1039 983 1132 1044 ramis
1165 978 1287 1042 denum
1317 981 1540 1044 decantantibus

369 1088 418 1153 ael
440 1106 458 1149 e
482 1085 651 1150 stolonibus
674 1083 852 1163 innovanta3
874 1087 949 1148 rami
972 1087 1105 1168 primarii
1127 1085 1232 1148 oculas
1254 1084 1450 1148 secundarios
1470 1086 1540 1146 rior·

370 1199 486 1256 mantes
511 1191 606 1253 erecti
629 1191 678 1252 vel
702 1188 842 1252 declinati
865 1196 896 1252 et
918 1190 1068 1271 prostrati.
1114 1190 1194 1251 Folia
1226 1189 1399 1270 plurifaria,
1434 1190 1541 1270 antique

328 1304 332 1312 '
369 1297 500 1380 patentia
523 1294 572 1358 vel
588 1292 735 1374 secunda,
751 1310 903 1374 nunquam
918 1293 1243 1376 complanatmimollia,
1260 1295 1448 1372 succulenta,
1462 1311 1542 1375 opaca

370 1410 501 1480 cosule,
545 1419 562 1462 e
600 1398 718 1462 cellulis
760 1397 970 1480 paclydermis
1008 1398 1145 1461 mollibus
1182 1397 1280 1460 densa
1317 1397 1551 1480 chloroplrylloss

356 1505 521 1590 ¹papillosis
543 1502 720 1585 composita,
745 1521 822 1584 quae
845 1510 912 1565 reta
935 1501 1063 1564 densum
1086 1518 1216 1583 superne
1240 1502 1358 1564 minute
1380 1501 1551 1586 hexagonus

368 1612 418 1674 vel
442 1607 649 1700 'punctiiorme
682 1605 888 1688 chloroplryllo
910 1605 1065 1686 obrutum,
1098 1605 1216 1668 interae
1254 1605 1356 1670 laxius
1394 1607 1551 1688 plerunque

367 1711 769 1798 hexagono-reomngulum
803 1710 970 1776 ellormant.
1015 1710 1119 1772 Floras
1153 1711 1184 1772 in
1216 1709 1304 1772 caule
1342 1713 1480 1794 primario
1510 1711 1551 1772 ret

368 1817 560 1887 secundario.
606 1816 752 1900 vaginam
772 1815 918 1897 perlecta.
963 1814 1101 1897 Calyptra
1122 1813 1281 1894 cucullata,
1304 1815 1401 1882 nuda.
1445 1817 1551 1898 capsula

366 1923 457 2007 longe
480 1918 657 2004 pedicellata
680 1926 783 1982 erecta
798 1918 990 2001 symmetrias
1005 1918 1055 1985 val
1070 1917 1206 1998 cumula,
1220 1918 1360 2002 obliqua,
1375 1920 1551 1988 hornarum

366 2027 433 2109 plus
457 2025 594 2090 minusve
615 2030 748 2086 curvata.
793 2023 1003 2090 Peristomium
1026 2022 1152 2105 duplex3
1176 2024 1297 2088 externi
1320 2025 1436 2090 dentes
1450 2025 1551 2112 lineri-p

365 2130 524 2199 unceolati
547 2137 578 2194 at
599 2121 945 2204 urceolam-sutulari,
977 2147 996 2190 a
1019 2127 1127 2190 lamina
1158 2125 1271 2210 duplici
1299 2129 1462 2214 compositi
1481 2131 1547 2210 cujus

365 2253 436 2318 pars
473 2241 618 2314 externa,
655 2234 685 2296 in
723 2231 833 2314 duplici
868 2233 951 2296 serie
989 2231 1162 2296 cellularum
1201 2231 1350 2316 lormata,
1394 2235 1551 2300 aetnam

364 2340 579 2402 commissuras
613 2336 772 2400 verticalas
798 2336 912 2400 lincam
943 2337 1115 2400 continuam
1149 2333 1381 2418 (divisuralem)
1416 2339 1551 2454 angulata

365 2445 568 2528 serpentinam
584 2441 748 2524 lingentes,
769 2447 859 2523 atque
875 2440 1098 2504 transversales
1115 2442 1214 2503 minus
1231 2441 1396 2506 distinctas
1412 2463 1494 2506 mons
1482 2397 1551 2502 tan

364 2555 396 2609 et
418 2550 505 2632 cujus
527 2563 598 2630 pars
622 2547 782 2626 interna,
775 2565 803 2608 m
828 2545 946 2628 singula
970 2544 1143 2608 cellularum
1163 2546 1244 2608 serie
1262 2547 1406 2630 lormata,
1430 2551 1551 2612 commi.-

364 2670 453 2715 suras
476 2654 509 2715 in
531 2650 699 2713 trabeculas
723 2649 772 2712 vel
794 2649 929 2712 lamellas
953 2656 1096 2734 angustas
1125 2648 1286 2734 productas
1310 2651 1455 2728 exhibea
1488 2652 1542 2732 pen·

369 2757 469 2821 stornii
498 2755 608 2818 interni
642 2755 812 2818 membrana
846 2753 983 2818 basilrris
1014 2752 1081 2834 plus
1113 2754 1212 2816 minos
1244 2753 1396 2836 exaltata,
1430 2757 1542 2818 sedecia

363 2859 635 2941 carinam-plicata,
659 2857 969 2942 quadrato-areolam,
992 2857 1022 2919 in
1047 2875 1210 2940 processus
1234 2861 1393 2922 carinatos
1416 2861 1535 2922 continu

363 2965 471 3048 quibus
493 2983 585 3046 saepe
608 2964 674 3027 cilia
699 2963 921 3042 rudimentaria,
948 2962 994 3024 vel
1017 2953 1107 3044 longa
1130 2962 1276 3044 perlecta,
1300 2965 1536 3048 interjectarum·

363 3071 475 3151 Sporae
498 3069 647 3133 minimae.
937 3077 941 3088 ¹

857 3244 985 3309 Fam.
1019 3245 1058 3308 Ι.

832 3381 1086 3452 mussitanti.

447 3533 548 3596 Cauiis
579 3532 714 3614 ramique
745 3551 822 3616 vaga
857 3534 969 3596 ramosi
1004 3541 1035 3596 et
1066 3533 1219 3600 ramulosi.
1264 3535 1456 3618 Pamphylia
1483 3535 1541 3594 lotis

360 3637 538 3720 interposita
562 3637 653 3702 multa
674 3636 907 3724 (liversilormia.
953 3637 1081 3718 Capsula
1104 3647 1218 3706 erecta
1263 3639 1440 3706 Peristomii
1455 3643 1551 3704 istrml

360 3740 532 3804 membrana
555 3741 693 3807 basilaria
724 3741 802 3804 lraud
836 3741 872 3804 acl
908 3741 1025 3804 medios
1055 3741 1165 3806 dentcs
1198 3743 1364 3825 prodwta,
1399 3735 1551 3828 processu}

357 3863 428 3909 raro
451 3845 591 3908 dentibus
614 3843 797 3926 aequilongi,
821 3845 888 3906 cilia
913 3845 1003 3908 nulla.
1048 3845 1188 3927 Calyptra
1206 3847 1244 3910 ad
1261 3848 1394 3912 mediam
1411 3847 1551 3932 capsntrnl

357 3949 510 4012 continua.

782 4087 857 4150 Gan.
884 4087 910 4150 1.
956 4089 1123 4154 llllllNlA.
1550 4039 1551 4104 ¹

443 4225 563 4288 Plantae
586 4226 615 4288 in
639 4228 822 4310 caespitulos
847 4229 951 4292 molles
982 4230 1029 4293 vel
1055 4233 1086 4295 in
1117 4232 1259 4313 pulvillos
1292 4234 1526 4315 depressorum

356 4334 480 4409 gestae,
511 4330 660 4410 tenellae,
694 4333 903 4414 mollissimae,
938 4335 1023 4397 caule
1056 4329 1234 4400 sircculento
1265 4351 1371 4420 parum
1404 4339 1551 4406 atomon*

355 4449 446 4512 parce
470 4431 638 4514 radicante,
671 4455 747 4520 vage
777 4438 873 4502 diviso
896 4447 928 4502 et
956 4441 1117 4504 ramulosa.
1164 4441 1246 4506 l'olia
1269 4441 1551 4506 orato-lanceolam

355 4533 638 4618 subinaequilatcra,
663 4541 868 4622 integerrima,
894 4543 1033 4606 obsoleta
1048 4551 1174 4622 castata,
1197 4545 1306 4622 laevia,
1331 4549 1442 4612 mollia.
1459 4545 1534 4604 larius
