3140 5372
508 383 670 454 llypnaceae.
841 355 845 364 ⁴
1120 383 1180 448 fiii

26 553 75 616 lar.
88 579 108 636 y.
119 535 328 638 praetorque,
351 558 419 623 lane
443 561 663 642 caespitosum‚
701 561 786 624 caula
815 569 972 627 attenuato
1001 574 1183 648 prorepente

124 661 305 744 regulariter
326 663 628 745 pinnato-ramulosa,
653 665 733 728 loliis
754 669 881 731 remotis
905 668 1030 750 patulis,
1060 671 1182 752 capsula

121 765 206 829 altius
229 766 415 849 pedicellata
432 770 559 834 minore.

86 885 180 950 liubit.
203 888 241 952 ad
264 897 375 953 terram
398 891 591 973 sylvaticum,
625 909 715 973 supra
747 892 862 975 lapides
886 895 915 956 in
943 895 1095 976 sylvaticis
1118 915 1182 960 um-

26 992 110 1070 nosis,
140 991 176 1054 ad
205 994 345 1058 arborum
376 995 495 1060 radices
518 1004 607 1079 atque
631 997 741 1078 stirpes
765 1005 978 1079 putrescentes
1001 1001 1031 1062 in
1052 1003 1183 1086 regione

26 1101 134 1159 nonlana
155 1104 245 1179 atque
269 1087 434 1181 subalpina,
457 1101 522 1163 suis
545 1099 620 1163 locis
643 1099 721 1164 haud
745 1119 857 1182 rarum,
880 1120 937 1185 per
959 1123 1065 1169 zonam
1088 1107 1181 1170 inter·
1228 1143 1230 1148 ,

26 1197 120 1262 radium
143 1209 231 1284 atque
255 1205 537 1285 septentrionalem:
576 1207 606 1269 in
630 1206 751 1290 Vogeso
781 1208 957 1296 superiore,
992 1209 1181 1292 indurasse,

26 1311 109 1366 ntoto
129 1311 225 1368 tractu
248 1307 362 1390 alpino,
395 1310 425 1370 in
458 1309 639 1391 Pyrenaeis,
671 1310 701 1372 in
726 1328 763 1371 m.
789 1311 929 1394 Taunus,
962 1315 992 1375 in
1022 1313 1180 1398 Hercynia,

26 1407 129 1491 ludatis,
167 1411 199 1473 in
233 1413 358 1476 Sueciae
394 1421 482 1496 atque
512 1413 681 1497 Norvegiae
712 1413 867 1496 depressis
893 1423 923 1480 et
956 1419 1119 1501 montanis3
1152 1420 1181 1480 in

26 1509 142 1577 lritannia
166 1515 298 1580 nondum
321 1517 525 1582 observatum.
633 1587 634 1591 ,

79 1619 178 1686 Fruet.
201 1630 313 1686 motor.
337 1641 408 1688 sero
439 1632 598 1687 auctumno
622 1630 653 1686 et
674 1623 769 1706 primo
794 1642 878 1687 vere.

64 1737 154 1794 Formis
178 1744 334 1798 tenuioribus
358 1747 390 1800 ad
418 1747 467 1798 dir.
487 1747 623 1814 reflexum
646 1746 761 1810 accedit,
791 1727 957 1800 crassioribus
982 1748 1013 1801 ad
1038 1747 1086 1800 dtr.
1105 1751 1179 1801 asle-

26 1841 112 1896 uaaar,
135 1831 177 1882 cui
194 1833 297 1898 saepius
314 1831 454 1886 immixtum
472 1835 602 1902 provenit,
630 1849 644 1886 a
663 1849 713 1902 quo
731 1842 815 1886 autem
833 1832 911 1886 iacile
930 1835 1093 1904 distinguitur
1111 1835 1181 1887 loliis

26 1913 120 1968 tionibus
138 1917 300 1972 brevioribus
318 1923 423 1976 serratis
442 1921 509 1975 baud
527 1921 647 1987 sulcatis,
672 1919 794 1989 capsulae
819 1921 947 1988 padicello
964 1923 1055 1976 scabro
1073 1923 1180 1990 ipsaque

26 2003 92 2066 paula
110 2004 233 2060 breviore
251 2008 367 2064 siccitate
385 2009 508 2062 inclinata
526 2009 568 2062 rel
586 2010 703 2062 deorsum
722 2017 863 2076 spectante.

346 2201 388 2268 lt.
417 2199 663 2284 braobptbeoluar
685 2199 823 2282 riantur.

397 2339 472 2393 baca.
491 2351 516 2394 et
535 2341 588 2394 sm.
607 2339 694 2409 Bryol.
714 2357 769 2394 eur.

76 2455 237 2541 caespites
261 2461 377 2542 molles,
402 2463 552 2546 depressi,
576 2464 751 2528 lutescenti-
768 2470 798 2526 et
814 2460 1036 2525 lusco-virides.
1082 2461 1183 2526 Cauiis

26 2567 120 2644 ptans,
145 2581 288 2628 ramosus
311 2572 342 2628 et
365 2567 499 2630 breviter
521 2569 702 2648 ramulosus,
727 2567 865 2631 loliorum
889 2565 1094 2630 imbricatione
1116 2565 1182 2629 laxa

26 2663 196 2748 erulaceus.
244 2669 325 2733 Folia
347 2671 406 2734 late
429 2673 712 2753 ovato-tanceolata,
736 2671 858 2735 brevius
880 2671 1062 2756 longiusque
1083 2671 1182 2752 epicu-

26 2775 55 2848 la‚
77 2773 191 2836 leniter
215 2775 340 2856 sulcata,
365 2783 449 2839 costa
466 2779 521 2841 sub
538 2777 653 2860 apiculo
669 2775 804 2856 finiente,
823 2784 887 2840 toto
903 2775 1039 2859 margine
1055 2782 1182 2854 serrata,

26 2873 79 2936 uus
103 2885 211 2958 terrm,
246 2881 361 2960 mollia,
390 2883 510 2964 juniora
542 2882 620 2944 laete
654 2887 685 2944 et
716 2879 1030 2944 lutescenti-rirentia
1063 2879 1183 2942 seniora

26 2983 204 3046 acescentis.
251 2983 427 3049 Pericbaetii
461 2985 607 3048 imbricati
636 2985 704 3048 lolia
735 2987 837 3050 tenuia
873 2993 1026 3065 ecostata,
1065 2985 1182 3045 iuterna

26 3091 44 3144 e
82 3086 246 3170 elongata,
286 3088 403 3173 longius
441 3089 762 3172 flexuoso-apiculam.
809 3087 935 3172 capsula
972 3091 1003 3151 in
1035 3086 1183 3171 pedicello

26 3192 192 3257 assiusculo
217 3192 285 3255 basi
306 3201 424 3258 remote
448 3213 580 3277 superne
604 3194 763 3259 confertim
793 3193 983 3259 tuberculato
1012 3209 1124 3256 cernua
1154 3197 1185 3253 et

26 3295 191 3377 rizontalis,
219 3315 239 3358 e
261 3297 340 3361 collo
363 3300 449 3362 brevi
471 3301 565 3362 ovalis
587 3299 636 3363 vel
659 3305 755 3379 ovata,
781 3299 861 3362 sicca
886 3295 1097 3381 deoperculata
1113 3293 1184 3358 sub·
1208 3369 1215 3381 ⁵

26 3411 111 3482 ruam,
138 3403 201 3466 sub
226 3419 283 3466 ore
305 3402 416 3466 leniter
438 3405 612 3484 constricta,
636 3405 733 3466 minus
749 3403 856 3484 solida,
874 3400 1016 3484 operculo
1032 3416 1185 3464 convexo·

26 3505 89 3572 uico
112 3507 259 3572 breviter
280 3508 437 3591 spiculato.
482 3508 620 3571 Annulus
644 3507 798 3591 angustus.
846 3503 1014 3570 Paristomii
1043 3504 1109 3568 cilia
1137 3505 1182 3567 in·

26 3612 127 3694 malla,
152 3609 241 3676 baud
263 3611 499 3694 appendiculam.
530 3612 629 3694 Bryol.
652 3631 719 3676 cur.
741 3612 789 3693 Vl,
813 3611 883 3675 Tab.
900 3606 973 3674 542.

66 3737 169 3802 dabit.
206 3735 286 3797 locis
319 3734 474 3817 depressis
509 3709 637 3798 bumidis
672 3735 784 3798 nivosis
823 3733 860 3797 ad
895 3740 1008 3814 ¹terrum
1047 3738 1078 3793 et
1108 3747 1180 3794 sana

26 3855 162 3903 mnarum
190 3839 316 3922 Alpium
333 3838 498 3920 Helvetiae,
517 3840 730 3922 Salisburgiae,
747 3839 935 3920 Norvegiae3
959 3837 1038 3898 inter
1065 3835 1180 3901 Helvet.

26 3961 47 4022 p.
69 3945 237 4008 Foolbom
267 3951 298 4005 et
325 3945 552 4008 Scbworzborn
575 3945 624 4008 alt.
647 3941 751 4008 8000‘
783 3959 863 4004 anno
891 3937 972 4004 1842
996 3939 1115 4019 detexi,
1151 3939 1180 4001 in
1274 3981 1276 3993 .

26 4063 57 4128 pe
77 4049 276 4114 ltmaoendel
297 4066 404 4111 versus
429 4048 603 4148 die'Grube
625 4048 687 4124 (Fa.
711 4046 860 4128 Annona),
885 4044 1078 4126 Gestoosjeld
1105 4043 1179 4107 Nor-

26 4153 83 4234 giae
107 4155 251 4235 (Buurr).
342 4153 345 4160 ’

64 4258 167 4324 Fruct.
193 4266 311 4322 motor.
335 4257 371 4322 ad
395 4255 485 4321 linem
510 4257 642 4320 aestatis.

50 4377 220 4450 Distinguitur
244 4381 328 4433 aBr.
349 4380 457 4431 Storlea‘i
480 4377 587 4432 mollitie
612 4380 689 4431 totius
714 4377 833 4446 plantae,
861 4373 928 4427 loliis
952 4373 1019 4426 baud
1037 4373 1180 4426 obcordatia

26 4481 107 4538 tuaque
126 4467 348 4533 decurrentibus,
372 4466 491 4520 mollibus
510 4466 591 4520 laxius
613 4467 699 4530 tentis,
718 4463 821 4532 capsula
840 4462 908 4514 ovali
928 4461 997 4514 sicca
1016 4477 1097 4513 vacua
1115 4458 1179 4512 sub-

26 4565 80 4608 nata
97 4557 145 4610 aab
163 4557 272 4610 orillcio
291 4564 429 4623 coarctata,
449 4555 587 4622 peristomii
607 4551 675 4606 ciliis
693 4551 760 4604 baud
779 4548 994 4620 appendiculatia.
