3238 5352
369 377 467 438 mil
880 377 1048 438 lmodsctia.

460 555 598 620 Annulus
620 554 669 620 laic
691 574 710 620 e
731 556 841 620 lamina
863 557 1076 642 anpumissima
1099 554 1239 639 capsulae
1267 555 1413 622 orfficium
1435 555 1568 620 circum

371 663 513 744 cinpente
548 661 640 745 eique
662 660 825 724 concolore
855 667 973 726 constat
1000 667 1032 724 ct
1053 677 1071 724 e
1094 655 1212 723 cellulis
1234 660 1415 724 vesiculoeie
1436 660 1569 744 hyalinie

371 763 516 830 imbriam
538 764 656 829 uui-vel
677 764 913 849 pluri-seriatarn
935 765 1101 848 subterque
1116 764 1251 847 operculi
1266 765 1376 829 limites
1391 771 1569 848 protensam

373 867 610 937 aduenientibus.
655 868 803 932 Fimbriae
833 868 959 952 hujusce
985 867 1111 932 cellulae
1140 871 1346 934 exsiccatione
1377 867 1466 934 valde
1495 885 1570 931 con·

372 973 546 1053 amiantus,
570 973 611 1037 ita
632 980 666 1035 ut
697 979 859 1038 ecsetero
887 973 1023 1056 operculi
1044 991 1138 1054 opere
1160 973 1306 1038 cellulosa
1336 971 1570 1057 dlsJ‘ungantur3

370 1077 558 1142 madefactae
586 1077 685 1140 subito
710 1075 887 1158 dilatantur,
911 1093 973 1159 quo
991 1077 1033 1158 dt,
1056 1083 1090 1141 ut
1111 1079 1256 1161 operculi,
1279 1075 1356 1142 sede
1371 1078 1438 1161 ejue
1453 1075 1571 1140 distur-

371 1183 444 1262 laati,
467 1182 571 1264 lapeue
593 1187 814 1262 promoveatur.
859 1180 892 1244 ln
912 1181 1065 1246 nonnullis
1087 1181 1215 1246 annulus
1236 1201 1293 1265 per
1314 1189 1416 1265 partes
1437 1180 1486 1244 vel
1509 1197 1571 1263 pes

370 1285 494 1350 cellulae
517 1285 653 1370 einpulae
676 1283 804 1364 recedit,
828 1285 859 1348 in
881 1285 949 1349 aliie
972 1285 1199 1370 elegantissima
1221 1287 1301 1368 spira
1323 1283 1469 1351 imiriata
1491 1303 1572 1348 sese

370 1390 508 1469 resolvit,
532 1387 612 1472 quod
635 1388 836 1471 pulcherrime
859 1390 890 1452 in
904 1389 1047 1454 Feaoriu
1067 1391 1305 1472 typroasctaico,
1329 1391 1359 1454 io
1379 1391 1466 1474 Brpo
1488 1407 1572 1453 coe-

369 1495 510 1578 apa‘ts'ca'o,
533 1494 564 1556 in
586 1493 672 1557 Hss'o
693 1492 794 1557 lom
816 1495 994 1576 conspicere
1016 1494 1141 1576 poteris,
1165 1511 1234 1558 cum
1250 1495 1403 1578 capsulam
1419 1501 1572 1560 maturam

369 1599 571 1684 operculatsm
594 1598 704 1660 siccam
727 1614 823 1680 aquae
843 1599 995 1662 immittas.

457 1701 590 1766 cellulae
613 1700 721 1784 quibua
743 1700 858 1765 imbria
881 1701 1010 1766 elicitur
1031 1700 1081 1764 rel
1102 1701 1254 1785 simplicee
1276 1703 1325 1766 vel
1347 1702 1573 1785 dissepimcnrc

370 1806 567 1872 transversali
596 1803 769 1870 dimidiatae
796 1813 867 1870 eunt
887 1807 1024 1890 plicaque
1051 1821 1111 1869 una
1132 1807 1266 1872 alterave
1289 1815 1441 1872 exaratae
1486 1807 1573 1872 l’lica

372 1911 449 1976 lasec
476 1907 652 1974 humiditate
681 1909 857 1992 explanatur
879 1927 940 1994 quo
963 1909 1043 1974 lacto
1065 1909 1193 1974 cellulae
1215 1913 1301 1994 ipssa
1322 1911 1483 1976 dicuntur
1504 1931 1571 1974 ma·

335 2021 338 2026 '
366 2019 479 2101 jueque
511 2014 640 2097 epatium
672 2022 820 2097 occupant
855 2021 926 2097 post
967 2031 1053 2080 suam
1082 2013 1120 2076 alr
1157 2015 1302 2096 operculo
1333 2016 1573 2100 disjunctionem

370 2138 459 2204 apuam
481 2125 579 2182 antea.
624 2117 757 2183 Gellulae
778 2118 927 2183 baeilaree
958 2137 1036 2202 quae
1065 2116 1205 2182 laminam
1228 2125 1387 2202 aemulam
1410 2119 1572 2184 elseticsns

370 2223 513 2308 capsulae
536 2228 568 2286 et
582 2223 718 2306 operculi
734 2223 862 2308 margini
884 2222 1092 2306 interpositam
1111 2221 1256 2304 eliciunt,
1280 2224 1432 2306 minimae,
1454 2225 1572 2309 pecip-

337 2409 344 2424 ·
370 2327 495 2394 dermse
517 2333 607 2410 atque
629 2326 733 2391 colore
754 2327 807 2391 illo
828 2327 969 2411 capeulae
991 2327 1159 2392 intensiore
1181 2329 1294 2392 tinctae
1316 2331 1523 2412 reperiuntur.

457 2431 570 2496 Annali
592 2433 765 2515 praesentia
787 2439 839 2497 aut
860 2431 1013 2512 absentia,
1037 2430 1173 2512 indoles,
1198 2429 1314 2514 iorma,
1337 2433 1513 2518 magnitudo
1536 2442 1573 2498 et

371 2536 479 2602 modas
502 2535 673 2600 decedendi
695 2535 773 2601 haud
795 2537 879 2620 parui
902 2536 1046 2619 ponderia
1061 2542 1132 2600 eunt
1154 2535 1186 2598 in
1200 2537 1373 2620 specierum
1387 2536 1573 2602 delinitione

370 2641 574 2725 systematica.
1041 2636 1044 2651 '

785 2813 861 2880 Η.
888 2813 937 2867 De
954 2813 1149 2878 parlatomlo.

465 2952 617 3036 operculo
638 2951 782 3035 detruso,
813 2953 844 3016 in
872 2953 1002 3018 maximo
1024 2971 1197 3018 muecornm
1219 2969 1348 3017 numero
1368 2951 1514 3017 dantimli
1537 2961 1574 3018 et

371 3059 439 3122 cilis
462 3057 602 3140 capsulae
624 3055 773 3122 milleium
787 3059 926 3122 ornantia
948 3059 979 3123 io
1001 3065 1196 3142 conspectum
1217 3057 1354 3139 veniunt,
1376 3076 1455 3141 puae
1474 3073 1574 3120 coro-

369 3163 471 3228 nulam
493 3160 542 3225 vel
563 3161 719 3226 barbulam
741 3161 821 3226 illam
843 3160 922 3227 haud
944 3179 1017 3226 raro
1031 3161 1289 3246 elegantissimam
1302 3161 1463 3246 eldnpunt,
1485 3179 1573 3244 quse

369 3265 566 3351 airpolopis
589 3267 713 3332 nomine
731 3267 906 3349 penteone
926 3263 1115 3350 dmtpnarur.
1152 3264 1307 3351 Οτῃιιιιιιιι
1329 3265 1398 3348 lucc,
1420 3267 1452 3330 in
1468 3283 1572 3350 perse·

369 3371 454 3436 nlius
476 3371 671 3435 instituendis
700 3387 761 3436 nou
792 3371 919 3436 minoris
943 3369 1107 3452 momenti,
1138 3387 1228 3452 quam
1257 3369 1398 3436 loliorum
1425 3377 1494 3434 rete
1517 3373 1574 3436 uel

369 3475 523 3559 salyptrse
547 3475 662 3556 lorum,
693 3475 843 3557 originem
865 3493 950 3539 snam
973 3493 1013 3539 en
1034 3491 1130 3558 opere
1152 3473 1299 3538 celluloso
1326 3473 1410 3540 ducit
1441 3475 1524 3558 quod
1549 3495 1571 3540 e

369 3580 491 3663 capsula
525 3580 557 3644 ie
587 3579 763 3663 operculum
793 3579 931 3676 ascendit
962 3579 1152 3663 spatiumque
1184 3579 1252 3663 ejus
1283 3579 1435 3644 internum
1468 3585 1571 3644 totum

369 3684 481 3770 implet.

456 3787 657 3872 Gorpuscula,
681 3804 760 3871 quae
782 3787 990 3870 peristomium
1013 3787 1176 3852 ellormsut
1202 3805 1326 3872 semper
1346 3803 1476 3880 npmaro
1498 3787 1571 3852 lor-

370 3911 477 3978 msque
499 3899 606 3958 exacte
629 3893 839 3957 determinatis
854 3892 1090 3974 consplcluntur,
1114 3893 1206 3976 inque
1226 3893 1291 3976 ipsa
1312 3891 1454 3975 ospeulse
1474 3911 1572 3976 sper·

369 4005 436 4062 turs
458 3999 573 4064 seriem
595 3997 778 4080 simplicem,
802 3997 951 4080 duplicem
972 3997 1129 4061 rarissim
1150 3995 1298 4080 triplicem
1320 3997 1370 4062 uel
1391 3995 1571 4080 qrradrupli·

368 4120 454 4184 ceus,
488 4103 694 4184 constituunt,
729 4103 809 4166 uude
830 4101 1042 4184 peristomium
1063 4101 1211 4184 simplae,
1242 4101 1373 4185 dsplsc,
1396 4101 1513 4184 triplae
1536 4109 1570 4166 et

369 4207 565 4292 paudrsplac
585 4205 704 4274 dicitur.
748 4205 845 4272 lusci
867 4205 919 4288 qui
938 4205 1115 4288 peristomio
1136 4212 1261 4270 utuntur
1279 4207 1476 4288 peristomii
1480 4253 1490 4286 ‚
1514 4209 1570 4290 qui

368 4327 408 4376 eo
430 4319 536 4378 careat
556 4313 771 4396 npaa‘stonuti
792 4329 852 4376 seu
871 4311 1077 4394 madalona·
1097 4311 1299 4374 nominantur.

456 4417 665 4482 tenstcmium
697 4415 827 4499 simplex
856 4433 875 4480 e
906 4415 966 4480 tela
995 4413 1140 4478 celluloea
1169 4415 1310 4498 capsulae
1341 4414 1489 4498 parietem
1520 4417 1568 4480 in·

368 4527 489 4590 unum
521 4523 671 4588 acuente
701 4519 841 4605 procedit
871 4527 964 4604 atque
995 4537 1086 4602 aspra
1116 4518 1283 4602 orificium,
1311 4535 1368 4604 pru
1390 4520 1568 4604 specierum
