3106 5370
371 325 431 388 ΞΜ
517 329 528 344 “
870 326 1071 393 Splnchnacena.

370 506 452 568 Folia
477 503 662 566 verticalitcr
685 503 798 564 inserta
821 500 1015 564 rhomboides
1046 499 1413 580 chaminiaco-areolam,
1435 507 1517 560 neten

370 609 552 690 lanceolata,
591 607 689 670 omnia
724 624 816 688 parce
847 603 1088 687 chlorophyllosa
1121 604 1314 687 mollissima,
1353 607 1424 670 sicca
1449 623 1519 688 tamn

371 716 499 778 maxime
523 711 726 776 abhorrentia.
774 710 921 791 Capsulne
945 709 1091 792 ellipticae
1114 709 1163 773 vel
1178 710 1380 793 subgldtcsae
1393 709 1521 792 npernlnn

370 820 484 883 luteum
519 817 855 901 rubro-marginatum,
879 814 1014 878 radiatim
1038 815 1223 895 areolatum,
1253 817 1373 899 integre
1402 815 1521 878 natea.

369 925 483 1006 Sporae
512 922 710 986 innascentes.
747 919 848 1002 Brpol.
873 937 939 983 eur.
962 917 1010 998 111,
1033 919 1066 982 Τ.
1082 914 1155 982 279.

369 1047 485 1110 linium
521 1044 776 1122 oemnndccenm,
816 1040 924 1104 fronde
956 1039 1082 1122 simplici
1120 1047 1223 1104 erecta
1258 1041 1439 1123 pinnatilida,
1469 1043 1521 1122 apin

499 1148 674 1226 fructifera,
708 1147 808 1228 pinnis
837 1144 973 1209 distichis
1002 1143 1177 1208 lanceolstis
1209 1147 1422 1230 integerrimis.
1461 1145 1518 1208 [tim

502 1253 588 1316 Fasc.
613 1250 653 1314 Pl.
677 1257 772 1333 crypt.
794 1249 819 1330 I,
844 1269 871 1332 p.
896 1245 927 1330 3,
951 1257 971 1312 t
998 1247 1026 1314 l.

370 1361 579 1439 Settatostepa
605 1357 813 1421 osmendacea
842 1355 925 1416 Wae.
955 1360 987 1416 et
1016 1351 1101 1416 nona
1123 1352 1155 1418 Β.
1178 1355 1211 1419 Τ.
1256 1353 1338 1418 tras
1367 1363 1399 1420 et
1426 1355 1528 1418 consa

502 1461 604 1543 Bryol.
628 1479 724 1545 germ.
769 1459 850 1522 Bam.
882 1457 981 1540 Bryol.
1013 1457 1092 1520 univ.
1137 1457 1243 1524 Ba..et
1275 1460 1343 1522 Scn.
1377 1461 1463 1542 llrpol.
1485 1475 1527 1521 cn.

502 1565 534 1630 C.
560 1565 674 1628 litteren
699 1563 827 1645 Synops.
873 1561 1010 1625 naama
1033 1561 1083 1624 Sir.
1108 1561 1148 1626 it.
1193 1563 1319 1628 Wrason
1342 1565 1437 1648 Brynl
1456 1563 1505 1626 lln‘t

370 1673 526 1756 Gymnoet.
554 1669 692 1733 osmund.
716 1669 803 1732 Sarra
825 1665 865 1731 m.
889 1665 961 1729 Brit.
1005 1665 1092 1748 Engl.
1115 1663 1179 1732 not.
1523 1646 1528 1685 ⁵

370 1777 525 1860 Gymncet.
549 1781 720 1856 pennatam
743 1771 843 1834 nana.
868 1772 956 1854 stirp.
981 1789 1007 1834 c.
1030 1772 1067 1835 ic.

456 1897 559 1960 flabit.
584 1897 614 1958 in
637 1890 816 1976 lapidicinis,
840 1909 987 1976 aggerum
1010 1891 1198 1971 civitatibus,
1222 1895 1400 1978 cryptisqne
1422 1913 1495 1958 arena
1535 1961 1536 1968 χ

367 2020 424 2086 per
455 2001 606 2083 Europam
636 1998 764 2062 mediam
798 2006 888 2080 atque
921 1997 1207 2079 septentrionalem:
1243 1999 1274 2062 in
1306 1997 1485 2086 Sylva-nigra

368 2125 462 2189 prope
495 2103 673 2168 Germbaclt
702 2103 808 2166 Ducat.
839 2099 963 2164 badens.
994 2101 1026 2164 in
1054 2118 1129 2163 cavo
1158 2100 1362 2184 porphyrica,
1398 2105 1475 2168 inll

366 2209 499 2292 pinifero
521 2208 657 2291 pluribus
688 2206 764 2268 locis
794 2203 957 2287 praecipue
986 2201 1022 2265 ad
1051 2221 1152 2267 arcem
1184 2208 1341 2289 antiquam
1370 2209 1488 2274 Lataeat

368 2315 398 2376 in
410 2313 580 2397 Narvegiae
598 2311 750 2395 provincia
762 2309 972 2374 Hedemarlren
987 2310 1018 2372 in
1034 2310 1090 2373 viis
1106 2311 1198 2390 cavis,
1215 2311 1245 2374 in
1262 2317 1407 2378 cavernis
1423 2306 1533 2399 amnas‘q'

369 2435 443 2502 quas
465 2425 544 2481 totas
569 2417 634 2479 lere
657 2415 797 2494 obducit,
831 2415 942 2478 comitt
977 2413 1167 2480 Devonaltire
1196 2423 1228 2478 et
1251 2417 1460 2500 metra,
1483 2402 1532 2607 αἱ

368 2523 549 2586 amicissimo
575 2521 707 2600 Wnscn,
731 2519 762 2582 in
785 2519 935 2602 Hercynia
959 2518 1037 2582 duca
1059 2537 1115 2580 am.
1138 2519 1238 2584 Ham
1267 2523 1340 2604 ipse
1365 2525 1502 2608 copiosiss'

369 2627 541 2707 observavi,
565 2632 720 2688 caeterum
743 2641 761 2686 e
785 2623 930 2706 silesiae,
963 2624 1106 2704 Sueciae,
1132 2623 1323 2710 sonegias,
1357 2631 1470 2694 &laba
1499 2631 1502 2638 '

367 2729 497 2816 Angliae
521 2729 656 2812 pluribus
680 2729 755 2794 locis
780 2727 886 2790 habeo.
931 2727 964 2792 ln
988 2729 1069 2792 omni
1092 2727 1185 2794 Gellia
1207 2737 1300 2814 atqne
1325 2751 1408 2798 zona
1431 2737 1492 2798 nen

369 2835 428 2898 nali
450 2833 548 2897 adhuc
573 2833 774 2896 desideratur.
1535 2817 1536 2820 ¹

455 2938 561 3002 Frect.
584 2945 694 3002 matur.
717 2938 814 3021 primo
838 2954 920 2999 vere.

437 3056 604 3111 Prothalliunr
622 3057 730 3124 hujusce
749 3057 829 3109 musci
848 3072 923 3126 qnam
942 3057 1049 3108 maxime
1067 3055 1206 3126 singularis
1224 3061 1320 3116 celer.
1340 3061 1484 3134 ampo

368 3144 495 3211 habitum,
523 3153 598 3212 atquc
617 3143 656 3202 fab
680 3159 712 3196 cc
735 3141 768 3196 ab
792 3143 900 3196 nitorem
926 3157 1033 3196 amoene
1056 3147 1244 3215 smaragdinum
1272 3166 1356 3219 quem
1376 3155 1445 3206 eim

367 3231 473 3300 spargit,
492 3228 680 3294 Oatcprirlinm
697 3229 903 3296 amaraprlt'nttrn
920 3231 1108 3284 denominatum
1127 3243 1173 3286 eat

836 3449 1002 3458 ---.--—
1027 3451 1097 3462 ...-

859 3611 982 3696 iritns
1012 3611 1066 3698 ll.
1210 3673 1216 3680 -

723 3765 1202 3852 sanacnnfacnan.

452 3921 570 3985 Plantae
582 3942 700 3988 annuae
711 3927 756 3990 vel
766 3945 930 4010 perennes,
940 3933 1102 4014 precariae
1117 3933 1163 3996 vel
1174 3935 1394 4018 caespittm03
1418 3943 1532 4024 perenn

366 4027 422 4089 sub
445 4027 530 4109 apice
552 4026 686 4093 ilorilero
710 4031 937 4113 innovetentes,
967 4041 1067 4099 aetate
1100 4045 1243 4118 provecta
1278 4040 1453 4108 dichotcne
1480 4043 1532 4104 lam

366 4133 612 4216 piato-ramosae.
658 4134 740 4199 Folia
768 4154 785 4198 e
815 4137 931 4202 cellulis
962 4142 1079 4224 magnis
1112 4143 1402 4226 perenchymetcsis
1432 4147 1532 4232 malleat

366 4237 542 4319 composita,
567 4237 733 4318 latuscula,
757 4249 882 4306 castata.
928 4243 1031 4308 Floras
1055 4247 1242 4329 terminales,
1268 4255 1406 4318 monoici
1422 4265 1449 4320 et
1463 4255 1495 4316 tn

366 4359 437 4406 raro
459 4341 652 4422 biaexuales3
676 4345 800 4408 masculi
823 4348 1027 4413 subdisccidei
1049 4349 1096 4412 vel
1111 4351 1368 4436 capitulilorrnes,
1393 4237 1531 4549 ΜΞ

368 4445 540 4528 majusculis
555 4445 841 4530 trevipedieallatta
857 4453 1072 4536 perspicacibus
1088 4455 1220 4524 annalis.
1252 4457 1399 4546 Calyptn
1411 4483 1460 4526 cer

1516 4929 1529 5283 l
