3290 5370
255 325 257 334 Α
392 368 455 428 ⁴8⁰
889 371 1087 426 Ηωὶωίιεωα

394 546 506 610 dorsali
528 563 633 608 crassa
655 545 739 610 sulca
761 545 895 610 verticuli
919 545 1066 626 protunda
1090 553 1224 625 omnia,
1246 546 1346 626 solidi,
1361 547 1564 628 bygroscopici

392 656 665 732 purpurascentes,
696 649 805 712 interni
835 649 1008 712 membrana
1036 648 1174 712 basilaris
1201 651 1232 712 in
1260 669 1424 732 processus
1445 651 1565 732 integros

391 756 545 816 aurantius
567 753 723 834 producta.
768 753 918 816 llabitatio
941 754 971 814 in
993 759 1076 816 terra
1098 753 1234 834 humosa,
1257 754 1296 817 ad
1311 762 1436 818 truncos
1450 771 1567 817 annosos

393 866 425 920 et
446 877 538 938 rupes
560 857 707 920 humidae.
1057 938 1062 950 ι

478 961 502 1022 Ε
518 961 679 1042 speciebus
690 960 813 1042 generis
825 961 998 1023 numerosis
1010 979 1067 1024 uua
1081 959 1267 1026 solummodo
1276 963 1351 1026 ciuis
1364 979 1511 1044 europaeo
1522 969 1568 1024 est

790 1127 942 1216 boolcrle
963 1150 1178 1218 tecte-urens.

784 1290 862 1340 Hans.
881 1299 907 1342 et
925 1289 999 1342 Ture.
1020 1289 1098 1342 blusc.
1117 1289 1179 1342 Brit.

479 1411 635 1492 Gaespites
658 1411 728 1490 laxi,
746 1411 896 1492 depressi,
913 1413 1019 1474 molles
1034 1419 1167 1476 saturate
1180 1411 1229 1474 ael
1244 1410 1447 1474 elatescente
1460 1411 1569 1474 uiriles.

393 1515 473 1578 Folia
496 1515 556 1576 late
578 1521 663 1576 ovata
687 1524 719 1577 et
741 1515 1006 1598 ovato-oblonga,
1039 1517 1139 1580 subito
1160 1523 1250 1578 acute
1278 1516 1464 1593 acuminata,
1493 1513 1570 1574 limbo

392 1626 522 1701 angusto
551 1620 754 1681 crassiusculo
784 1618 1001 1696 circumducta,
1038 1626 1145 1700 argute
1176 1627 1310 1698 serrata,
1346 1635 1448 1700 usque
1476 1633 1569 1680 versus

394 1723 510 1802 apicem
540 1713 633 1784 cos'tis
657 1707 820 1785 duabus'a
851 1723 1036 1785 seinvicem
1066 1723 1190 1787 remotis
1217 1722 1327 1785 leuiter
1355 1721 1572 1806 divergentibus
1626 1755 1627 1790 a

394 1843 547 1907 percursa.
593 1825 719 1908 Capsula
742 1825 951 1902 horizontalis,
974 1826 1101 1904 luteola,
1125 1831 1224 1890 aetate
1246 1826 1474 1904 brunnescens,
1496 1841 1571 1906 oper·

394 1929 462 1994 culn
485 1931 672 1993 rectirostro.
716 1928 815 2008 Bryol.
839 1946 904 1991 eur.
927 1931 963 2008 V,
986 1930 1058 1994 Tab.
1073 1927 1147 1992 447.

394 2051 492 2114 lloolr.
516 2052 718 2114 laete-virens
740 2051 834 2114 lloou.
857 2057 888 2112 et
909 2051 993 2114 Tura.
1017 2051 1205 2116 llusc.13rit.
1247 2049 1298 2116 Ba
1326 2059 1358 2114 et
1389 2052 1456 2114 Sca.
1487 2047 1572 2130 Bmol

524 2173 590 2218 eur.
635 2155 668 2217 G.
692 2155 806 2218 Muenna
831 2157 957 2237 Syuops.
1003 2155 1123 2220 Wnsoa
1145 2155 1245 2236 Bryol.
1267 2153 1339 2218 Brit

394 2259 664 2340 Pterppcpbytlom
685 2258 887 2320 lactc-circas
908 2257 988 2323 an.
1011 2258 1111 2340 llryol.
1132 2261 1213 2322 univ.

481 2381 584 2442 ilnbit.
608 2379 684 2442 locis
716 2378 866 2442 umbrosis
898 2395 988 2442 secas
1019 2380 1151 2459 rivulos,
1189 2383 1220 2442 in
1252 2379 1511 2456 extentionibus,
1541 2373 1570 2438 al

394 2501 486 2566 rupes
514 2481 652 2544 humidas
684 2481 863 2560 Hiberniae,
896 2484 1104 2546 Duasccmbes
1134 2483 1229 2546 Woon
1249 2500 1343 2563 prope
1374 2482 1460 2546 cort
1486 2481 1532 2556 (cl
1550 2478 1571 2539 l.

395 2589 579 2664 Daunum),
599 2586 680 2648 Turb
697 2585 865 2666 Wcterp'cll
882 2592 913 2648 et
934 2586 1139 2650 O'Sullivca’a
1159 2587 1300 2650 Cosconio
1315 2602 1411 2667 prope
1427 2585 1572 2662 Killouta

395 2691 461 2768 (υτ.
477 2691 594 2752 Haavna
610 2698 641 2752 et
655 2689 707 2751 Dr.
723 2689 861 2767 Tarona),
884 2690 915 2752 in
937 2697 1040 2772 crypta
1063 2689 1100 2752 ad
1124 2691 1298 2754 licusclole
1313 2707 1408 2770 prope
1425 2691 1572 2752 ramae
1626 2781 1627 2798 ,

394 2795 445 2868 (cl.
468 2793 583 2862 unns).

480 2899 583 2960 Fract.
606 2905 716 2960 mutor.
739 2896 914 2974 Novembri,
938 2896 1108 2960 Decembri.

464 3018 552 3072 Caelis
575 3017 683 3070 uncialis
706 3028 731 3069 et
754 3017 868 3086 longior,
898 3034 955 3070 cum
981 3017 1049 3070 loliis
1076 3016 1220 3086 deplanatis
1241 3019 1331 3085 opacis
1354 3017 1438 3070 multo
1456 3015 1572 3083 amabor

393 3122 468 3174 quam
487 3105 531 3158 illa
550 3103 758 3172 tuorpyopayttt
773 3105 900 3170 inmte,
918 3106 1048 3156 ramosior.
1084 3103 1158 3166 Folip
1175 3105 1349 3158 exsiccatione
1361 3104 1458 3158 leniter
1468 3105 1570 3168 crispato

720 3275 794 3340 Gen.
819 3275 848 3340 2.
894 3277 1251 3342 P'l'EllYGOl'lll'LLUbl.

904 3415 976 3468 Bnan.
995 3415 1070 3468 llam.

480 3539 600 3602 Plantae
624 3539 802 3620 speciosae,
825 3537 1036 3618 succulentae,
1065 3535 1275 3617 duriusculae,
1305 3544 1440 3600 saturata
1462 3535 1570 3599 viriles.
1626 3523 1627 3568 l

393 3645 517 3722 nitidae,
530 3642 891 3724 demisso-caespitautes,
904 3657 996 3722 parca
1007 3657 1156 3720 ramosae,
1169 3643 1229 3705 lata
1240 3639 1569 3726 complanato-loliosae·

393 3749 485 3812 renus
506 3747 646 3810 omnibus
676 3729 823 3809 similibus
853 3745 890 3809 ad
921 3746 1068 3829 originem
1098 3745 1310 3811 radicantibus.
1353 3747 1437 3810 Folia
1467 3759 1569 3825 magua

393 3852 490 3916 antica
524 3858 554 3914 et
585 3852 699 3932 postica
730 3849 826 3913 derasa
863 3850 983 3931 oblique
1020 3850 1190 3929 imbricata,
1229 3850 1361 3915 lateralia
1399 3849 1570 3913 verticaliter

393 3955 540 4036 patentia,
564 3953 676 4032 laevia,
700 3953 893 4032 nitidissima,
916 3954 1004 4017 valde
1026 3954 1280 4037 cbloropbyllosa,
1308 3949 1569 4018 ovato-circularia

394 4064 425 4120 et
448 4064 546 4136 ovata,
569 4056 676 4120 obtusa
698 4059 746 4120 vel
769 4058 950 4136 acuminata,
974 4065 1123 4137 ecostata,
1146 4060 1281 4140 integra,
1314 4060 1395 4124 sicca
1423 4059 1531 4130 laevia,
1555 4069 1568 4110 e

392 4161 509 4226 cellulis
526 4162 813 4244 magniscomposita
829 4170 896 4224 rete
912 4162 1009 4224 laxum
1026 4163 1109 4244 apice
1124 4162 1297 4226 rotundato-
1310 4165 1374 4226 basi
1389 4159 1568 4242 recungulc

393 4265 581 4348 hexagonum
604 4253 809 4330 formantibus.
847 4267 950 4330 Flores
975 4267 1112 4330 mouoici.
1158 4267 1372 4334 Pericbaetium
1395 4263 1568 4351 parvumlu

393 4368 508 4433 ramulo
531 4370 735 4452 pericbaetiali
757 4370 839 4432 brevi
864 4389 968 4436 crasso
985 4371 1141 4454 vaginulae
1157 4370 1255 4434 locum
1272 4379 1406 4438 tenente.
1445 4373 1566 4450 cuppam

393 4474 612 4554 praecedentis.
658 4474 785 4556 Capsula
815 4474 928 4554 solida,
960 4475 1111 4552 brunnen,
1149 4479 1268 4538 domurn
1299 4485 1371 4542 atra.
1417 4467 1567 4540 Peristoaui
