3080 5370
470 377 663 434 Grlmuriacaae.

383 585 412 652 8.
443 585 529 653 tituta
550 584 737 667 pbyllautba.

425 723 504 777 lirum·
516 724 592 778 llam.
611 724 691 778 illuso.

62 847 152 908 llonse
174 846 345 929 pulvinata,
377 847 520 928 pulvinuli
543 865 560 908 e
586 847 763 929 ferrugineo
786 845 908 908 virides.
954 845 1035 907 Folia
1058 844 1161 927 longa,

8 951 105 1030 localia,
136 952 217 1013 sicca
241 951 352 1014 tortilia
384 960 416 1014 et
437 951 560 1033 pulchre
584 951 739 1030 circinata,
763 958 848 1014 costa
871 967 969 1030 usque
993 949 1023 1012 iu
1047 949 1163 1030 apicem

6 1055 109 1116 relucta
140 1057 243 1137 ibique
276 1056 398 1138 saepius
432 1059 597 1120 incrassata
636 1064 725 1138 atque
759 1055 938 1138 corpuscula
972 1053 1163 1134 cylindracea

6 1159 115 1222 aliculata
132 1160 248 1222 terens.
281 1160 387 1224 Flores
404 1168 435 1222 et
451 1161 566 1223 lruotus
590 1161 694 1244 ignoti.
718 1159 817 1242 Bryol.
842 1177 906 1222 eur.
929 1157 977 1240 ΙΙΙ,
1000 1157 1070 1221 Tab.
1087 1154 1160 1222 223.

9 1279 59 1342 ΙΙΙ,
73 1283 279 1360 jutlandicum
300 1287 346 1356 (et
361 1283 566 1362 sosoicrcture)
589 1282 669 1346 iimo.
693 1281 793 1362 Bryol.
810 1283 890 1346 univ.
908 1280 940 1342 C.
958 1279 1072 1342 Mbuuua
1090 1280 1160 1360 Syn.

8 1385 56 1445 oo.
74 1387 282 1476 ptyltontlrom
303 1384 353 1450 Bu.
377 1393 409 1448 et
432 1387 496 1452 Sca.
519 1386 620 1467 Bryol.
646 1403 710 1448 eur.
735 1385 857 1450 Wusou
881 1383 978 1465 Brpol.
1003 1381 1073 1450 Brit.

56 1507 148 1570 liubit.
171 1508 201 1569 in
226 1507 351 1588 rupibus
375 1509 529 1570 maritimis
553 1515 584 1570 et
605 1509 635 1569 in
658 1508 799 1584 arborum
823 1506 955 1585 truncis,
979 1505 1160 1586 praesertim

9 1611 70 1690 'opuli
90 1619 119 1673 et
141 1612 250 1674 Salicis
279 1611 316 1673 ad
340 1610 439 1675 littora
467 1613 559 1674 maris
583 1611 778 1698 Germaniae,
801 1609 990 1688 Britanniae,
1022 1610 1161 1689 sueciae,
1215 1629 1216 1632 ¹

10 1711 77 1776 illice
98 1723 245 1798 septentr.

44 1837 67 1889 ΙΙ.
83 1837 187 1904 crispae
206 1837 316 1900 similis,
340 1836 408 1890 loliis
427 1836 585 1906 longioribus
604 1839 753 1891 humiditate
778 1837 860 1888 minua
879 1834 973 1902 patulis
980 1873 988 1902 ,
1017 1833 1073 1885 baal
1092 1833 1161 1886 baud

12 1919 82 1986 blatis,
99 1923 202 1976 cellulis
222 1923 358 1992 diapbauis
370 1940 445 1976 uuam
457 1934 553 1978 tanturn
571 1925 664 1978 seriem
683 1925 714 1976 ud
735 1925 874 1993 marginem
892 1937 1028 1976 recurvum
1049 1921 1159 1974 iormau·
1216 1929 1221 1938 '

10 2017 48 2072 aa,
71 2009 161 2076 pallide
184 2009 476 2076 lucescent-viridibus,
508 2013 582 2078 apice
612 2010 765 2064 fasciculum
793 2008 1004 2080 corpusculorum
1030 2009 1159 2062 luecorum

11 2095 106 2149 reatibus
122 2098 254 2152 distincta.

319 2251 393 2318 Gen.
426 2252 454 2320 2.
486 2251 795 2318 ΟΙΙΤΙΙΟΤΙΙΙΙΙΙΙΙΙΙΙ.

410 2391 497 2446 llrnw.
516 2393 598 2446 ldusc.
616 2393 697 2446 iroud.

53 2511 161 2577 Plantae
192 2514 375 2596 plerumque
405 2513 606 2598 pulviuulatae
643 2517 743 2578 rarius
776 2515 995 2598 caespitautes,
1025 2520 1159 2594 erectae,

14 2617 110 2695 ugiores
124 2617 375 2698 procumbentes,
400 2635 550 2698 uunquam
566 2627 779 2700 prorepentes,
804 2618 974 2681 innovando
990 2617 1160 2679 diobotome

31 2719 333 2802 fastigium-ramosae,
357 2721 420 2784 basi
444 2729 477 2784 ot
498 2723 530 2783 in
553 2742 703 2786 ramorum
728 2724 825 2786 axillis
853 2722 1033 2785 radicantes.
1079 2721 1161 2784 Folia

10 2829 75 2900 uto,
90 2825 236 2908 oblongo·
254 2832 286 2887 et
301 2825 636 2909 elongato-lauceolata,
662 2828 796 2890 siccitate
822 2827 936 2904 stricto,
961 2833 1046 2909 parte
1070 2844 1159 2910 supe·

12 2941 49 2986 ore
67 2931 399 3011 punctulato-areolata,
423 2931 537 2993 minute
560 2933 715 3012 papillosa,
739 2933 804 2996 basi
829 2931 980 2995 ecellulis
997 2932 1160 3013 majoribus

10 3031 153 3108 ¹ptodermis
178 3035 303 3098 areolas
327 3035 693 3120 hexagono-rectangulas
717 3035 853 3118 byalinas
877 3036 1055 3098 sistentibus
1078 3052 1159 3097 coru·

11 3135 72 3196 uita.
113 3139 255 3222 Calyptra
285 3139 749 3220 oarnponulato·mitraelormis,
781 3142 846 3204 basi
868 3140 980 3220 incisa,
1012 3139 1159 3202 carinato-

9 3230 83 3320 bruta,
112 3243 197 3324 plicis
223 3243 325 3305 minus
348 3245 535 3322 numerosis,
567 3245 664 3325 pilosa
693 3246 742 3308 vel
766 3244 853 3309 nuda.
898 3242 1044 3327 Vagiuula
1066 3259 1158 3322 parce

9 3335 67 3415 losa,
89 3348 158 3414 tubo
180 3346 317 3431 reginali
340 3346 474 3410 adaucte.
520 3347 648 3430 Capsula
671 3349 823 3427 immersa,
847 3348 945 3410 rarius
970 3363 1090 3410 emersa
1110 3346 1161 3408 vel

9 3455 95 3528 uena,
130 3451 211 3514 collo
245 3453 276 3512 in
301 3450 461 3531 speciebus
493 3450 767 3532 brevipedicellatis
797 3469 894 3533 usque
926 3449 1158 3534 adraginulam

9 3549 119 3634 eluente,
141 3557 176 3620 8-
189 3564 222 3620 et
243 3555 414 3636 lli-striata,
431 3557 587 3619 rarissime
612 3559 733 3620 estriata
757 3556 863 3634 laevis,
887 3555 968 3617 sicca
984 3571 1079 3617 vacua
1095 3555 1158 3617 sul·

8 3659 52 3746 tle,
76 3660 126 3722 sub
157 3679 213 3724 ore
247 3662 315 3744 plus
339 3661 475 3724 minusve
499 3661 677 3740 constricta,
712 3660 884 3738 urceolata,
919 3659 1064 3742 operculo
1094 3677 1156 3721 rna·

8 3755 69 3824 llari
88 3765 133 3828 rol
153 3768 350 3845 rectirostro,
374 3765 485 3829 annulo
509 3765 602 3845 nullo,
625 3765 801 3847 peristomio
825 3764 953 3846 simplici
968 3763 1017 3827 vel
1033 3764 1155 3846 duplici,

6 3865 99 3928 :cotibus
120 3868 139 3932 8
159 3871 357 3953 bigeminatis
390 3870 439 3932 vel
467 3867 505 3932 16
528 3871 707 3952 geminatis,
742 3870 818 3930 ciliis
847 3869 1036 3951 interpositis
1059 3867 1079 3932 8
1109 3869 1158 3932 vel

10 3961 29 4024 b'·
54 3971 153 4051 Sporae
176 3975 295 4038 fuscae.
326 3974 474 4038 llabitatio
497 3976 625 4038 arborea
651 3982 682 4037 et
703 3976 863 4056 rupestris.

56 4073 397 4162 Noncnlledwigianum
406 4097 538 4162 graecae
554 4080 790 4161 compositionis.
813 4079 922 4164 tpeog,
935 4086 1050 4158 rectus,
1066 4081 1158 4162 θριξ,

5 4175 97 4258 aptitus,
117 4183 269 4264 calyptrao
294 4184 417 4264 saepius
441 4184 509 4265 pilis
532 4185 625 4246 rectis
649 4184 744 4248 hirtae
766 4184 900 4247 indolem
923 4181 1106 4267 significans.

5 4291 185 4367 bitotriclum
207 4323 290 4370 omn.
314 4311 427 4370 auctor.
451 4307 664 4368 recentiorum.
