3104 5368
486 367 690 422 Ferttinslntcnc.

372 645 466 721 Orci.
493 644 556 720 ΙΙ.
599 581 709 722 ¹Sect.
738 644 800 718 ΙΙ.

279 805 398 878 Musei
427 801 642 900 stcgocarpl
672 803 896 898 pleuranthi.

82 965 180 1026 Flores
203 963 364 1042 utriusque
385 976 479 1022 sexus
502 960 534 1022 in
556 959 641 1022 caule
664 960 805 1040 primario
829 963 877 1026 vel
903 963 934 1025 in
959 965 1185 1030 ramisfsecun·

22 1071 85 1130 laniis
105 1089 143 1130 ex
165 1067 251 1148 apice
273 1063 626 1128 innovando-continuis
655 1063 895 1146 gemmilormes,
920 1065 999 1129 loliis
1032 1067 1184 1147 axillares,

21 1173 72 1234 nte
95 1173 208 1236 fructus
233 1187 355 1251 semper
376 1168 518 1232 lateralis.

495 1319 619 1404 lrlins
654 1320 680 1404 Ι.

327 1475 843 1566 nennrnmnscnnm
931 1571 932 1574 Ὺ

75 1639 167 1702 llusci
191 1632 321 1720 aquatici
344 1637 549 1716 tenuicaules,
583 1637 695 1700 ramosi
718 1643 749 1699 et
771 1637 929 1716 remulosi,
954 1637 1019 1704 sela
1043 1640 1108 1706 basi
1130 1639 1181 1702 ad-

20 1743 50 1822 ii,
70 1751 227 1806 caeterum
249 1741 328 1803 land
351 1741 531 1804 radicantes.
570 1739 650 1802 Folia
667 1739 813 1820 tristicia,
830 1743 942 1822 tenuia,
960 1743 1065 1821 laevia,
1085 1743 1182 1807 laxius

19 1849 182 1930 ngustiusve
206 1845 367 1928 hexagnne
390 1843 777 1924 rhomboides-reticulate,
809 1863 901 1927 parce
929 1845 1180 1929 chlornpiryllosa,

19 1959 69 2014 nsta
99 1951 181 2014 nulla
204 1949 254 2012 rel
276 1955 402 2032 angusta
425 1951 580 2012 instructa.
625 1949 729 2013 Flores
751 1949 781 2012 in
805 1951 890 2013 caule
913 1951 1055 2032 primario
1077 1952 1126 2014 vel
1149 1953 1180 2014 in
1314 2027 1319 2032 ,

19 2057 76 2116 ranis
107 2055 322 2132 secundariis,
360 2053 597 2136 gemmiiormes.
641 2053 783 2116 Ramnlus
814 2055 1035 2137 perichaetialis
1067 2056 1180 2135 brevis,

19 2160 51 2220 nsi
70 2159 147 2222 haud
171 2157 324 2236 radicans,
349 2157 453 2238 partim
477 2157 507 2219 in
523 2157 690 2240 vaginulam
706 2164 941 2238 transmutatus3
964 2159 1180 2242 perichaetium

18 2281 79 2324 ense
113 2263 303 2325 imbricatum
339 2261 386 2323 vel
423 2261 578 2342 vaginens.
624 2259 761 2343 Calyptra
795 2262 899 2326 conica
937 2265 984 2325 vel
1022 2261 1179 2343 cucullata,

18 2368 71 2428 nda.
115 2365 248 2448 Capsula
281 2367 421 2428 immersa
453 2363 665 2428 vel‘breviter
694 2374 832 2448 exserte,
864 2368 1039 2450 peristomio
1071 2366 1181 2450 duplici

18 2489 55 2533 nc
76 2471 178 2546 null03
203 2471 324 2532 externi
348 2469 457 2533 dentes
484 2465 521 2533 16
544 2471 637 2552 longi,
661 2469 796 2550 lineales,
821 2477 996 2534 transverse
1019 2469 1179 2550 articulati,

17 2583 63 2636 tns
83 2575 277 2655 trabeculeti,
300 2575 411 2637 interni
433 2573 500 2636 cilia
523 2573 645 2636 totidem
669 2574 813 2637 subliberi
830 2575 877 2637 vel
899 2575 1061 2638 trabeculis
1079 2583 1179 2638 trans·

17 2680 147 2743 trsnliltns
171 2679 203 2741 in
228 2697 336 2741 conum
360 2676 535 2742 clathraium
558 2679 719 2760 conjuncti.

476 2871 604 2936 Fam.
642 2869 683 2935 Ι.

410 3007 754 3100 tonntnatttntt.

65 3163 145 3226 l'nlia
185 3169 330 3226 ecostata.
376 3161 514 3244 Calyptra
551 3161 666 3228 conica.
712 3161 839 3243 Capsula
871 3159 1055 3243 pericheetio
1087 3177 1177 3244 supra

17 3263 81 3328 liunt
112 3265 217 3328 lertile
250 3265 298 3327 vel
328 3264 493 3328 lateraliter
523 3263 638 3328 inserto
672 3265 827 3328 imbricato
854 3265 1012 3346 immersa,
1047 3265 1176 3328 sessilis.

17 3369 122 3450 emenia
154 3369 262 3452 spuria
291 3369 529 3450 membranacea.
576 3368 783 3431 Peristomium
819 3369 930 3432 nullum
964 3369 1013 3432 vel
1050 3367 1175 3451 duplex3

17 3475 97 3533 lierni
121 3473 234 3535 dentes
258 3471 401 3550 lineales,
426 3471 523 3534 dense
546 3470 712 3551 articulati,
744 3471 826 3534 intus
849 3471 909 3535 late
931 3472 1106 3537 trabeculati
1127 3475 1177 3536 vel

17 3573 200 3657 illamellesi,
237 3575 315 3638 linea
337 3576 407 3638 axili
428 3592 486 3638 seu
508 3574 662 3638 divisurali
691 3575 810 3658 integra
841 3577 888 3638 vel
919 3583 1059 3658 pertusa,
1089 3577 1176 3640 valde

17 3680 206 3762 ignoscoptm
238 3696 293 3759 pro
316 3697 400 3743 more
422 3679 585 3762 purpurei,
622 3679 734 3743 interni
765 3680 834 3742 cilia
862 3680 893 3744 in
921 3698 1030 3747 conum
1052 3681 1177 3762 pulchre

17 3781 150 3844 athratum
176 3783 339 3866 conjuncti.
387 3784 501 3864 Sporae
525 3781 673 3844 minimae.
718 3779 866 3844 llabitatio
889 3783 1033 3864 aquatica.

68 3887 172 3949 Genus
198 3888 424 3967 Cryptanyinm
454 3886 542 3951 litim.
574 3887 710 3964 (Fontis.
734 3893 949 3967 yymaostenrc
970 3887 1040 3950 nob.
1063 3888 1116 3962 ol.)
1138 3888 1175 3950 ad

17 4003 58 4049 nnc
78 3989 230 4053 Familiam
253 3991 394 4072 pertinet.

419 4163 494 4227 Gen.
517 4161 750 4228 tontttttttts

435 4301 538 4354 nrum.
557 4302 621 4355 llist.
639 4302 719 4356 linrc.

67 4423 187 4488 Plantae
210 4426 380 4508 speciosae,
404 4426 435 4486 in
457 4441 534 4506 aqua
557 4423 749 4504 llncntantes,
772 4425 859 4488 caule
881 4425 1060 4488 tenuissimo
1076 4423 1174 4487 solito

17 4526 298 4592 tscicnlate-ramosc
320 4535 351 4602 et
373 4547 449 4612 vage
472 4529 635 4592 ramulcsc.
680 4529 760 4592 Folia
775 4527 860 4592 valde
878 4545 1008 4594 concava
1024 4525 1071 4588 vel
1086 4535 1173 4594 sente
