3372 5372
340 372 404 436 ΠΒ
856 386 1010 439 Pottiacoao.
1118 381 1122 390 '

338 555 373 622 b.
397 559 519 622 bomilia
552 557 652 620 llanw.
681 559 729 642 sp.
760 566 791 620 et
820 557 899 624 Bnrn.
933 535 1029 640 Brpfd.
1059 561 1140 623 univ.
1176 579 1194 622 e
1222 577 1306 642 spec.
1336 561 1422 624 berb.
1455 559 1538 625 llam

467 673 561 737 (teste
585 664 616 726 G.
641 665 780 739 duma).
826 665 987 747 specimen
1002 662 1039 728 B.
1056 667 1178 728 bediis
1192 666 1273 748 quod
1297 667 1328 729 in
1351 667 1435 731 berb.
1452 665 1536 728 ttet-

467 770 548 854 wigii
577 777 766 834 asservatum
790 777 847 831 'est
878 771 999 832 minime
1028 789 1095 833 cum
1119 771 1155 833 tt.
1188 773 1366 852 eucapitoao
1394 771 1539 834 convenit

466 882 498 937 et
519 875 618 956 potins
641 875 679 938 nd
703 891 774 956 gen.
797 875 1007 938 Dermetoden
1028 874 1223 938 referendum
1246 875 1375 939 videtur.

422 993 527 1058 flebit.
559 997 589 1058 in
621 1005 704 1061 terra
737 997 862 1059 humosa
894 1002 924 1059 et
956 1013 1086 1060 arenosa
1121 997 1264 1078 sylvatica
1298 1015 1355 1079 per
1383 997 1536 1080 Europam

337 1098 581 1164 meridionalem:
605 1103 634 1164 in
658 1099 793 1164 Sardinia
817 1101 866 1162 Fa.
892 1101 1005 1163 libum
1034 1099 1115 1165 1826
1138 1101 1253 1184 primus
1283 1104 1313 1164 in
1337 1102 1457 1184 Europa
1481 1103 1536 1164 ob-

335 1204 477 1285 servavit,
500 1205 536 1268 cl.
560 1205 837 1268 droant-binzannm
853 1207 883 1267 in
900 1223 975 1289 agro
990 1223 1126 1286 romano,
1149 1207 1186 1269 cl.
1204 1208 1297 1271 Paosr
1317 1225 1411 1290 prope
1427 1209 1538 1270 llende

336 1305 495 1388 (tome),
520 1308 557 1370 cl.
575 1309 828 1372 Sanane-Gnaeus
850 1309 1052 1392 pulcherrime
1076 1317 1108 1372 et
1129 1293 1281 1374 uberrime
1306 1311 1535 1376 fructificantem

336 1409 410 1492 legit
433 1413 469 1476 B.
492 1435 684 1497 squarrosoe
706 1415 884 1478 associatam
907 1415 937 1477 in
961 1422 1041 1478 terra
1064 1433 1195 1481 arenosa
1217 1417 1308 1480 rubra
1338 1418 1440 1498 sylvae
1465 1417 1539 1480 Pini

269 1527 273 1532 “
334 1519 509 1581 maritimae
522 1537 617 1601 prope
635 1519 795 1582 Massiliam
811 1527 901 1602 atque
917 1519 1041 1602 copiose
1056 1522 1298 1601 communicavit,
1315 1538 1375 1605 ego
1391 1521 1456 1604 ipse
1474 1521 1536 1604 legi

337 1621 366 1682 in
397 1623 475 1685 valle
502 1642 597 1708 prope
621 1625 738 1704 Guejar
760 1627 798 1687 de
829 1626 860 1688 lc
883 1627 992 1688 Simo
1024 1625 1148 1689 ditionis
1176 1627 1377 1710 granatensis.
1422 1625 1536 1709 Vulga-

335 1725 449 1788 tissima
475 1734 522 1790 ost
545 1729 575 1791 in
598 1728 738 1792 Anterica
768 1728 998 1811 septentrionali
1021 1738 1112 1812 atque
1142 1730 1355 1811 meridionali,
1387 1747 1445 1791 nec
1473 1747 1536 1793 non

332 1829 362 1891 in
386 1829 489 1895 Africa
511 1832 752 1914 septentrionali.

418 1937 522 2000 limet.
545 1946 656 2001 mator.
680 1938 804 2000 ineunte
828 1944 953 2004 aestate.

402 2055 540 2124 Specimen
558 2060 684 2128 originale
703 2061 774 2129 quod
792 2061 937 2128 nuperrime
955 2061 981 2111 in
1000 2059 1119 2113 herbario
1132 2061 1358 2114 Scnwnmnrcssrnr
1372 2070 1531 2114 asaemtnm

332 2145 484 2210 examinavi,
498 2147 600 2198 omnino
614 2164 672 2199 cum
684 2151 714 2200 li.
728 2149 851 2201 cirrbnta
862 2159 948 2200 nostra
962 2149 1096 2214 convenit3
1112 2148 1215 2216 plantae
1229 2149 1315 2216 igitur,
1329 2149 1407 2200 dubio
1421 2147 1534 2214 sublato,

331 2249 424 2285 nomen
443 2235 574 2301 prioritate
593 2237 718 2288 sancitum
736 2237 893 2288 reddendum
912 2245 959 2289 est

400 2320 552 2374 Periatomio
576 2322 666 2375 orbata
693 2324 771 2376 lacile
801 2341 859 2376 eum
886 2324 1023 2376 l'ricboat.
1049 2323 1254 2390 liaeo-virente
1283 2321 1414 2375 simillimo
1441 2324 1532 2375 eadem

331 2405 389 2460 locu
408 2419 512 2462 tenente
531 2418 707 2462 commutatur.

402 2495 514 2564 Capsula
537 2498 654 2564 perlecto
677 2507 773 2550 matura
798 2513 849 2547 non
873 2497 976 2562 pallido
1001 2507 1029 2550 nt
1053 2513 1110 2548 eam
1135 2497 1161 2548 in
1180 2495 1319 2564 Bryologia
1337 2496 1460 2562 diximus,
1485 2497 1532 2549 sed

330 2584 438 2652 pulchre
456 2583 542 2639 rnlula
560 2585 643 2636 nitore
662 2586 800 2638 vernieoao
819 2585 926 2654 insignis
945 2585 1080 2652 reperitur.

760 2757 791 2809 B.
829 2759 956 2810 Floras
982 2757 1099 2810 ttotat.

731 2877 776 2949 tt.
819 2880 952 2948 barbam
973 2879 1129 2948 bellante.

785 3019 928 3076 ὅσιπω,
948 3020 1037 3090 suppl
1057 3020 1077 3074 1.

414 3139 521 3224 Longe
537 3139 658 3224 lateque
673 3143 854 3226 caespitosa,
878 3144 1032 3225 caespites
1048 3143 1140 3226 plani,
1163 3141 1353 3222 condensati,
1377 3141 1531 3204 luteseen·

328 3253 385 3308 tes.
431 3244 532 3308 Cauiis
561 3246 681 3309 bumilis
709 3248 758 3312 vel
789 3249 916 3326 elatior,
947 3248 1108 3326 robustus,
1138 3247 1238 3310 dense
1268 3246 1404 3311 loliosus.
1450 3245 1531 3309 Folia

328 3350 624 3435 elongato-linenda,
656 3353 712 3415 alis
734 3353 793 3416 late
815 3352 987 3430 undulatis,
1018 3351 1154 3414 siccitate
1176 3351 1361 3434 complicatis
1384 3348 1532 3415 cimbalo·

327 3455 477 3536 crispatis,
501 3462 585 3518 costa
608 3456 702 3519 dorso
717 3456 815 3520 albida
836 3458 868 3520 in
885 3472 1061 3520 mueronem
1077 3465 1281 3535 excurrente3
1305 3455 1532 3538 pericbnetialia

327 3561 519 3642 angustiora,
543 3559 698 3644 longiora,
723 3569 841 3640 erecta,
864 3560 961 3623 laxius
984 3560 1128 3624 areolata.
1175 3560 1303 3643 Capsula
1325 3561 1356 3622 in
1379 3559 1532 3642 pedicelln

327 3663 673 3746 serpentino-flexuoso
703 3664 781 3729 baud
814 3682 885 3728 raro
917 3665 1070 3746 spiraliter
1100 3664 1222 3728 volubili
1257 3663 1375 3728 rnballo
1403 3681 1530 3740 cernua,

327 3767 568 3854 evoli-oblonga,
601 3767 668 3850 plus
692 3769 791 3831 minus
814 3769 939 3833 incurva
963 3769 1091 3850 basique
1123 3769 1230 3850 gibba,
1261 3789 1278 3832 e
1309 3769 1386 3834 llavo
1408 3767 1530 3832 lusces-

327 3891 409 3940 ceus.
441 3873 625 3958 operculum
641 3879 771 3956 anguste
788 3875 939 3951 conicum,
955 3873 1107 3952 srdtteres,
1128 3875 1307 3956 peristomio
1321 3875 1530 3936 translucente

327 3979 435 4046 rnium.
480 3980 651 4046 Peristomii
681 3977 790 4041 dentes
822 3979 889 4042 laxe
917 3978 1068 4057 contorti,
1103 3977 1236 4060 lupaces.
1281 3976 1381 4060 Brpol.
1405 3995 1470 4044 eur.
1493 3975 1528 4056 ll,

326 4083 397 4150 l'ab.
424 4084 493 4151 150.

325 4211 361 4276 Β.
384 4213 546 4290 inclinato,
570 4206 657 4274 canle
680 4206 872 4270 breviuscnlo
894 4219 1033 4282 ramoso,
1058 4203 1138 4266 loliis
1162 4204 1327 4268 linearibus
1349 4203 1458 4280 acatis,
1483 4203 1529 4265 in·

455 4313 631 4402 tegemimis
660 4311 854 4394 planiusculis
886 4309 998 4372 erectis
1022 4307 1190 4388 tortilibus,
1214 4309 1301 4372 tbeoa
1334 4307 1527 4371 mbcurvata.

456 4423 623 4486 Scuwnnsn.
657 4417 757 4498 Suppl.
781 4414 802 4492 l,
826 4435 853 4496 p.
874 4413 945 4490 131,
970 4413 1002 4475 Τ.
1021 4411 1074 4476 33.
1120 4415 1246 4476 Sonuere
1270 4413 1402 4478 liabens.
1446 4411 1527 4474 Bnrm

453 4525 502 4589 er.
528 4525 609 4588 univ.
654 4521 699 4582 bc
723 4519 794 4582 Nor.
819 4517 889 4600 Svll.
920 4516 970 4580 Bn.
996 4524 1027 4578 et
1042 4519 1106 4580 sca
1130 4516 1178 4579 Br.
1204 4518 1321 4582 cunc
1351 4517 1438 4582 litu.
1457 4517 1526 4596 Syn.
