3322 5376
368 373 432 436 lod
890 373 1031 440 limem

502 549 769 633 nigrescentibus,
792 547 889 610 tlrecis
911 547 1254 629 sphaeroideocerouis
1269 548 1435 626 minutulis,
1458 551 1561 631 nigris.
1655 543 1656 546 ’

501 653 730 736 splendentibus
755 651 856 716 Hmtv.
877 651 971 716 llusc
993 649 1093 714 trono.
1117 652 1206 734 Stirp.
1229 652 1277 730 tlt,
1300 650 1404 734 pili,
1427 661 1449 714 t
1473 652 1521 718 39.

455 776 559 839 liubit.
582 775 611 835 in
643 773 736 853 pratis
767 779 799 834 et
832 773 955 834 ericetis
985 771 1147 850 turlaceis,
1182 774 1212 834 in
1243 773 1312 835 udis
1344 773 1507 856 subalpinis
1534 783 1562 836 ct

368 877 493 961 alpinis,
528 877 558 938 in
582 877 698 956 rupium
729 874 847 938 fissuris
880 875 1023 956 madidis,
1057 878 1156 938 rarius
1191 877 1220 938 in
1248 880 1376 961 regione
1405 879 1563 960 campestri

370 981 545 1066 frigidiore,
576 981 731 1060 copiosius
761 980 910 1061 inalpino
939 999 1036 1044 zonae
1066 981 1282 1060 intermediae,
1314 983 1563 1063 copiosissimee

369 1088 498 1167 regione
521 1085 667 1146 interiore
690 1101 789 1165 usque
819 1085 850 1146 in
878 1084 1006 1165 alpinam
1033 1103 1130 1148 zonae
1152 1086 1412 1167 septentrionalis.
1458 1086 1491 1147 ln
1515 1087 1561 1148 tt-

368 1191 456 1273 pinus
488 1188 627 1269 Europae
663 1185 781 1250 mediae
815 1188 975 1270 sporadice
1012 1189 1169 1271 provenit,
1207 1190 1238 1250 in
1275 1161 1562 1270 septentrionalibus

369 1291 575 1370 abundantem
605 1307 753 1373 nusquam
783 1296 842 1352 tam
875 1309 982 1374 magna
1012 1291 1099 1374 copia
1126 1292 1187 1356 ridi
1217 1311 1306 1375 mam
1334 1295 1365 1356 in
1394 1292 1564 1376 Nora-egin-

370 1415 408 1460 m.
441 1395 635 1476 Docrcfictd,
672 1394 723 1456 ubi
754 1393 880 1475 paludes
912 1396 1095 1478 spongiosos
1127 1403 1229 1476 tenet,
1265 1398 1420 1478 sonisque
1453 1397 1564 1478 Hypso

368 1503 497 1578 mette,
527 1499 668 1562 Dierono
690 1499 852 1577 clonpoto,
884 1498 1046 1562 Potradetto
1066 1517 1255 1580 squamoso,
1285 1501 1441 1564 Giaclidio
1463 1504 1565 1582 stypio
1655 1531 1656 1586 ,

369 1605 447 1668 lotos
469 1604 621 1684 caespites
642 1601 744 1664 elficit

455 1709 558 1772 Ferret.
580 1715 691 1770 matur.
712 1713 839 1770 aestate.

439 1828 494 1882 Una
519 1829 622 1894 pencris
650 1828 753 1894 species
782 1837 842 1879 notu
871 1836 911 1879 est
940 1825 1114 1880 cuncteribus
1144 1827 1197 1879 suis
1227 1827 1426 1882 distinctissinls
1456 1831 1565 1882 minc
1655 1789 1656 1816 1

370 1925 490 1970 constans
512 1925 539 1968 et
562 1919 604 1968 rix
627 1915 702 1968 cliter
728 1931 803 1984 quam
830 1913 990 1984 longitudine
1018 1914 1159 1982 plantarum
1187 1925 1263 1982 atquc
1290 1915 1411 1982 amulae
1441 1919 1563 1986 pcdicslli

368 2004 479 2056 vadens.
514 2001 601 2056 Cautio
619 2018 677 2054 mox
693 1999 867 2054 semiuncialis
885 2017 943 2053 mox
961 1999 1125 2069 semipedalis
1144 2002 1282 2066 reperitur,
1307 2005 1437 2070 caespites
1455 2007 1564 2058 humiles

370 2108 385 2142 e
404 2090 475 2143 luteo
493 2091 587 2142 virides
607 2088 648 2140 rel
668 2089 728 2141 clati
747 2098 917 2141 tumescentes
936 2104 1046 2155 superos
1059 2098 1170 2140 saturate
1184 2087 1281 2140 virides
1294 2089 1394 2141 interne
1407 2092 1564 2161 ferruginem

371 2176 556 2245 pediccllorum
575 2176 706 2245 iongitudo
726 2177 807 2228 ramat
824 2177 892 2227 inter
908 2173 1100 2227 semiunciulem
1118 2183 1145 2226 ct
1163 2173 1298 2226 uncialern.

806 2365 881 2429 Gen.
904 2363 934 2428 3.
979 2363 1130 2428 llEESld

865 2503 953 2555 uana.
973 2503 1017 2571 sp.
1036 2503 1067 2555 u.

460 2629 553 2690 llusci
588 2628 689 2690 habitu
723 2627 803 2690 inter
835 2625 952 2708 Brpum
985 2633 1017 2690 et
1047 2627 1237 2692 Pctudetlam
1270 2627 1430 2710 ludentes,
1468 2631 1567 2696 dense
1655 2677 1656 2688 2

372 2734 575 2814 caespituntes
598 2730 685 2794 caule
709 2731 789 2792 eluto
814 2738 845 2792 ct
873 2731 1051 2812 longissimo
1082 2731 1137 2793 sub
1167 2733 1445 2813 opiceinnovante
1473 2755 1566 2818 parce

372 2853 493 2899 ramoso
526 2837 622 2900 dense
656 2833 1042 2915 radiculoso·gaudentes.
1087 2835 1167 2898 Folia
1199 2835 1260 2916 3-,
1290 2837 1330 2900 5-
1363 2845 1395 2902 et
1416 2839 1564 2902 8·sticlm

371 2940 486 3003 lineali·
509 2949 539 3004 et
563 2939 897 3022 elongato-lanceolata,
921 2938 1018 3002 solide
1033 2947 1161 3018 costato,
1183 2942 1240 3003 reti
1261 2941 1373 3004 minuto
1388 2943 1564 3026 hexagono-

371 3045 559 3130 rectangulo,
583 3044 670 3107 valde
693 3042 943 3124 chloroplnyllosa.
974 3043 1077 3106 Flores
1102 3044 1150 3107 vel
1171 3045 1345 3110 bisenuales
1370 3047 1418 3110 vel
1436 3045 1564 3110 monoici

317 3199 320 3206 .
371 3151 419 3213 vel
442 3149 542 3230 diolci,
568 3149 690 3212 masculi
714 3146 862 3213 discoidei
884 3147 1101 3232 pmaphysibus
1117 3147 1249 3211 clevatis.
1281 3147 1419 3231 Culyptra
1434 3159 1565 3234 anguste

372 3253 519 3316 cucullata
541 3253 632 3336 longe
655 3262 723 3316 ante
747 3253 886 3334 capsulae
909 3251 1109 3315 maturitatem
1134 3251 1232 3333 lugan.
1278 3252 1404 3340 Capsula
1427 3253 1457 3315 in
1481 3257 1563 3336 pedi·
1655 3337 1656 3340 Ἴ

371 3359 449 3422 cello
472 3358 563 3440 longo
588 3364 618 3420 et
641 3357 852 3439 longissimae
873 3356 952 3420 collo
975 3355 1117 3438 elongato
1140 3363 1244 3418 erecto
1268 3375 1391 3437 cernuo,
1415 3375 1472 3421 una
1494 3379 1563 3420 cum
1655 3381 1656 3420 t

372 3462 451 3525 collo
474 3460 739 3539 incurvo-clavato,
762 3461 843 3523 sicca
859 3479 951 3526 vacua
970 3465 1102 3538 arcuata,
1126 3459 1337 3540 pachydenaa,
1361 3462 1563 3526 microstome.
1655 3535 1656 3540 γ

372 3564 516 3646 operculo
538 3565 663 3647 parvulo
686 3565 962 3630 convexo-conico.
1008 3564 1148 3627 Annulus
1170 3583 1188 3626 c
1211 3563 1337 3645 simplici
1363 3567 1447 3628 scn'e
1469 3569 1562 3629 collu-

373 3671 467 3732 larum
491 3668 637 3732 formatus
661 3669 708 3732 vel
732 3669 839 3734 nulius.
880 3668 1087 3732 Peristomium
1111 3667 1221 3748 duplex
1245 3667 1420 3750 lutescens3
1445 3675 1563 3732 externi

372 3774 480 3836 dentes
503 3770 613 3835 breves
636 3775 752 3854 obtusi,
788 3781 915 3851 tenues,
947 3772 1092 3836 remotius
1125 3769 1290 3852 articulati,
1324 3773 1404 3836 intus
1435 3785 1562 3858 angust·-

372 3876 535 3956 lomellosi‚
573 3876 650 3940 haud
688 3875 919 3959 hygroscopici3
958 3875 1069 3938 interni
1105 3893 1270 3958 processus
1307 3876 1560 3960 plano-carinati.

373 3980 511 4060 lineales,
544 3979 652 4044 dentes
683 3981 775 4062 longe
803 3988 999 4062 superantes,
1031 3981 1090 4045 reti
1112 3979 1195 4042 tenui
1223 3979 1322 4064 fugaci
1351 3981 1562 4046 cohaerentes.

373 4084 508 4167 margine
532 4085 717 4167 inaequales,
742 4085 849 4147 lamina
873 4083 1025 4148 dorsalis
1049 4085 1158 4166 duplici
1182 4086 1264 4148 serie
1290 4085 1465 4150 cellularum
1486 4089 1561 4150 irrc·

372 4189 517 4272 gulariter
540 4189 774 4270 prominularum
798 4195 983 4252 constructo.

373 4311 488 4374 nlleest'a
510 4317 538 4371 ct
561 4311 786 4390 Diplocomiom
810 4309 892 4370 ll'na.
916 4316 946 4370 et
972 4309 1063 4384 lione,
1108 4308 1187 4374 Bato.
1210 4309 1309 4392 Bryol.
1332 4313 1412 4373 univ.

374 4415 486 4478 Maium
510 4413 588 4477 tam.
622 4411 736 4493 Bryum
761 4411 851 4478 lloon.
876 4419 907 4474 et
929 4411 1012 4477 Taua.
1051 4415 1243 4494 Arrrblyodoo
1266 4435 1293 4477 e.
1317 4435 1344 4496 p.
1370 4415 1433 4478 l'nr„
1458 4415 1561 4478 Butes.
1655 4469 1656 4488 ,
