3122 5362
362 379 405 444 Μ
875 387 1047 441 Wslstscsse.

366 565 538 626 Diffusum
560 563 702 626 albicans
722 539 773 628 sn.
797 570 829 626 et
852 564 915 627 Son,
938 563 1038 645 bryol.
1062 580 1127 626 eur.
1149 561 1168 624 l.
1192 581 1218 625 c.

363 669 536 732 Dicrcnstnt
558 668 777 732 bosbebicnusn
799 667 942 732 Korssnrr
966 673 1016 730 rnt

363 775 535 837 Dicrcnam
557 791 666 836 coerce
689 773 811 836 Tarauna.
835 775 866 834 in
889 772 997 837 itera
1022 769 1133 834 Skand.
1153 769 1194 835 l'l.

452 895 555 957 liubit.
580 895 611 956 in
634 895 762 976 regione
792 875 890 977 alpina
919 902 950 957 ct
973 894 1160 976 snpraalpina
1193 892 1230 957 ad
1258 899 1375 956 terram
1408 891 1544 956 bumosss

364 999 412 1062 vel
434 998 464 1060 in
487 998 612 1080 rupibus
634 1005 716 1061 terra
740 999 885 1063 obtectis:
913 999 945 1060 ln
970 1015 1085 1062 somma
1103 999 1234 1061 Gsimsel
1254 996 1414 1060 Helvetiae
1437 1014 1549 1072 accon}

299 1107 309 1132 ¹
364 1105 504 1167 Dicruno
537 1111 681 1184 congesto
711 1123 778 1168 var.
810 1104 964 1180 dri-bato,
1012 1122 1078 1165 curn
1111 1103 1288 1183 Polytricbo
1326 1103 1544 1183 septentrionali

364 1208 573 1290 copiosissime
597 1207 653 1270 sed
676 1201 792 1288 sterile,
816 1210 845 1271 in
870 1225 988 1271 summo
1009 1207 1154 1272 libastiae
1170 1209 1356 1287 Ftuclepass
1380 1205 1545 1269 fructiferae

364 1313 443 1397 legi,
475 1321 628 1376 caeterum
658 1313 839 1394 exemplaria
874 1312 982 1375 fertilia
1016 1317 1047 1374 in
1071 1312 1196 1376 Caucasi
1229 1317 1332 1374 monte
1367 1309 1503 1372 liesbeel
1518 1307 1547 1368 el

366 1418 511 1483 Koaaunrr
534 1418 607 1501 legit
630 1425 662 1480 et
684 1419 780 1496 rnisit,
813 1418 843 1480 in
866 1437 903 1480 nr.
927 1419 1101 1480 Stoclrlrorn
1122 1415 1238 1481 llelvet.
1261 1413 1409 1497 equidem
1432 1415 1468 1477 cl.
1489 1389 1549 1496 Buri

365 1541 473 1586 ssaasn
495 1521 678 1586 fructificans
701 1523 829 1603 reperit3
854 1523 1015 1586 eSueciae
1040 1529 1070 1584 et
1092 1521 1263 1603 Norvegiae
1285 1519 1419 1602 Alpibus
1442 1526 1471 1582 et
1490 1517 1523 1580 la

368 1629 457 1709 ponia
481 1627 606 1707 Pitensi,
631 1627 681 1690 ubi
703 1626 781 1690 bautl
804 1645 916 1706 rarum,
941 1627 1045 1690 sterile
1068 1626 1174 1688 babeo.

452 1733 555 1796 limet.
578 1740 689 1794 matur.
713 1739 866 1794 autumno.

437 1853 545 1922 Species
564 1855 669 1921 insignis
687 1871 701 1906 s
716 1854 888 1922 praecedente
907 1853 995 1908 babitu
1013 1853 1167 1918 robustiore,
1186 1851 1255 1905 loliis
1273 1851 1442 1905 brevioribus
1454 1849 1547 1919 sigiliis

367 1941 483 1993 siccitate
506 1940 678 1994 albicantibus
704 1952 773 1994 costa
796 1951 873 1994 totam
900 1942 954 1994 iere
978 1943 1096 2010 paginam
1119 1949 1276 2008 occupante,
1304 1939 1469 2008 pericbsetia
1489 1939 1546 1990 arula

368 2027 496 2096 breviore,
515 2030 662 2096 peristomio
682 2029 789 2094 majore,
809 2028 964 2080 habitatione
982 2029 1097 2080 terrestri
1117 2028 1194 2098 facile
1212 2028 1408 2094 distinguenda.

747 2227 792 2294 lV.
820 2227 981 2292 Dicrana
1004 2228 1184 2311 scoparia.

456 2393 574 2458 Plantae
596 2395 756 2477 speciosae
780 2411 878 2477 usque
901 2393 938 2459 ad
961 2395 1170 2458 innovationes
1195 2393 1329 2460 novellas
1357 2394 1498 2458 radiculis

369 2505 502 2560 mentum
526 2499 623 2561 alburn
647 2499 695 2561 vel
720 2499 896 2562 lascescens
920 2499 1147 2561 atlornrantibus
1169 2500 1319 2563 obtectne.
1362 2501 1445 2564 Folia
1469 2499 1546 2578 lorus,

369 2601 504 2684 undiquc
542 2603 672 2684 patentia
710 2603 756 2664 vel
794 2601 943 2681 secunda,
982 2602 1329 2679 lanceolam-eubulus,
1372 2602 1481 2678 nitida,
1512 2617 1547 2660 so

368 2706 542 2785 lidiusculs,
578 2707 614 2770 ad
639 2707 720 2770 basis
743 2707 870 2791 angulos
893 2707 959 2770 laxa
983 2706 1290 2790 quadrato-areolata.
1338 2709 1447 2772 Flores
1469 2703 1547 2769 altori

370 2811 492 2873 rnasculi
517 2812 639 2892 saepius
662 2812 692 2873 in
710 2811 850 2893 plantulis
874 2811 997 2873 annosis
1021 2810 1205 2873 cradiccllis
1228 2810 1402 2875 adsentiris
1425 2825 1547 2875 enasccn

370 2914 458 2978 tibus.
504 2915 631 2998 capsula
655 2933 777 2995 cernua,
801 2915 935 2994 incurva,
960 2915 1078 2996 longior
1100 2921 1231 2984 arcuata.

748 3149 791 3214 tt.
825 3147 982 3216 tttcrsnsn
1003 3148 1185 3228 stonettsn.

837 3305 980 3359 Scnwssan.
1005 3305 1095 3374 Suppl.

461 3452 619 3536 Caespitas
643 3455 806 3537 compacti,
838 3456 998 3536 pulvinati,
1023 3463 1158 3520 tomento
1182 3455 1361 3540 ferrugineo
1386 3453 1543 3518 densissime

373 3557 540 3638 intertexti,
565 3557 672 3638 pallide
696 3559 744 3620 vel
768 3579 785 3621 e
809 3559 978 3624 latescente
1001 3559 1122 3624 virides.
1170 3559 1271 3623 Cauiis
1296 3561 1475 3644 elongatus,
1495 3573 1543 3638 gn·

371 3661 447 3726 cilis.
494 3659 574 3724 Folia
599 3661 720 3726 rninora
736 3663 869 3725 secunda
893 3672 923 3728 ct
947 3664 1268 3746 suberecto-patentia,
1292 3681 1310 3725 e
1333 3665 1402 3728 basi
1424 3664 1542 3740 oblongo

220 3775 226 3784 ·
286 3807 292 3814 -
372 3763 538 3826 lanceolata
555 3764 701 3842 subulatn,
719 3766 923 3850 integerrima,
946 3778 1030 3833 costa
1046 3776 1172 3852 angusta
1188 3768 1360 3832 scrnitereti
1376 3771 1544 3831 escrrrrentr.

375 3867 502 3950 Capsula
527 3870 555 3930 in
579 3868 727 3950 pediccllo
749 3870 890 3934 breviore
919 3873 1028 3955 pallido
1051 3891 1179 3954 cernua,
1208 3872 1460 3956 gibboso-ovate,
1486 3865 1542 3928 colb

374 3970 519 4036 tumidulo
549 3971 685 4052 suliulta,
715 3975 947 4068 siccansulcata.
994 3977 1173 4060 Opsrculurn
1197 3997 1214 4040 e
1237 3977 1303 4040 basi
1326 3979 1433 4042 conice
1460 3969 1542 4056 petits

373 4076 552 4140 subulatum.
597 4075 735 4140 nnnutus
758 4089 914 4164 angustus.
951 4083 1119 4146 Peristornii
1141 4081 1250 4145 dentes
1274 4081 1376 4146 nrinus
1398 4078 1540 4164 regulares

372 4181 623 4263 rulo-sanguinei.
667 4181 767 4264 Bryol.
791 4202 854 4247 eur.
878 4185 899 4264 l,
925 4186 994 4249 Tab.
1014 4185 1063 4252 lli.

373 4304 543 4368 Dicrusurs
566 4305 740 4384 etonpctoat
762 4305 847 4370 caule
870 4306 1059 4390 longissimo,
1084 4309 1162 4374 loliis
1186 4307 1364 4374 subtaicatis
1386 4305 1538 4374 lanceolato

505 4407 682 4470 acuminatis
705 4409 945 4490 conniventibus,
969 4413 1056 4476 theca
1076 4421 1162 4477 oven
1183 4431 1308 4492 cernua,
1335 4411 1474 4496 operculo
1491 4407 1549 4468 lot*

502 4513 639 4596 gissirno.
686 4513 850 4576 Scuwssaa.
876 4517 974 4598 Suppl.
991 4517 1013 4600 l,
1036 4518 1065 4581 P.
1083 4517 1105 4598 l,
1129 4517 1198 4582 Tab.
1217 4515 1270 4580 43.
