3310 5368
367 381 430 450 Μ
878 355 1040 454 llypuaeese.

366 562 457 626 nullo.
502 561 669 624 Peristonrii
703 558 812 622 dentes
847 523 1079 660 praecedentis,
1118 559 1229 622 interni
1261 559 1435 623 inerubrana
1472 557 1554 620 latiur

368 666 474 729 ciliolis
498 664 641 728 brevibus
665 665 821 727 instructa.
865 661 963 746 Brpul.
986 681 1050 728 eur.
1073 663 1119 732 vl.
1142 663 1213 728 'lab
1229 660 1303 730 562.

451 787 553 852 llobs't.
577 787 614 849 arl
635 787 776 851 arboruru
797 792 922 848 trunoos
944 803 1038 868 propa
1055 785 1242 850 llonaobium
1259 787 1310 850 ubi
1327 785 1365 850 ol.
1384 783 1434 846 W.
1447 782 1557 846 Gon

366 909 447 955 anno
472 887 553 954 1845
576 907 667 972 parce
689 887 811 972 reperit

453 995 556 1057 Frasot.
579 1001 689 1058 matur.
713 1011 797 1057 nere.

438 1117 468 1169 A.
486 1115 581 1168 subtili
598 1115 697 1181 simile,
715 1116 825 1182 tenuius,
843 1115 947 1168 densius
966 1113 1100 1182 foliosum,
1129 1114 1199 1168 loliis
1224 1114 1366 1167 minoribus
1393 1124 1485 1166 oestuo
1505 1112 1560 1164 loou

366 1205 427 1258 stria
445 1205 519 1257 viridi
537 1203 760 1272 pariebaetlalibus
777 1203 883 1256 internis
900 1211 971 1257 ousta
989 1203 1109 1256 distincta
1126 1203 1202 1271 longa
1221 1204 1363 1266 instructis,
1382 1201 1484 1255 annulo
1502 1201 1559 1253 lei·

366 1295 463 1357 alanta,
489 1293 636 1359 penatoruio
652 1293 754 1344 interno
771 1290 858 1344 eiliola
876 1291 982 1347 sistente
1001 1290 1138 1344 diversum.

696 1501 724 1568 t
754 1497 983 1583 lnblysteglu
1006 1497 1227 1569 mulenellos.

772 1641 837 1711 llyp.
856 1642 971 1696 soulers.
990 1640 1061 1694 Bnrn.
1080 1640 1155 1695 llant

457 1763 806 1846 Depressooaespitaus.
851 1764 950 1828 Gaulis
972 1765 1168 1829 tenuissimus
1197 1764 1365 1830 arctissime
1396 1761 1560 1846 adrepens,

369 1886 445 1951 vage
467 1885 606 1930 ramosus
629 1867 830 1949 subpinnatirn
852 1869 1035 1949 ramulosus,
1058 1868 1181 1934 ramulis
1204 1870 1234 1932 in
1250 1865 1409 1950 oaesplbuli
1433 1867 1559 1928 cboubu

369 1974 524 2054 adpressis
547 1973 577 2035 in
611 1974 711 2037 medio
739 1976 860 2039 erectis.
904 1975 984 2040 Folia
1014 1995 1033 2038 e
1063 1974 1209 2053 minimis,
1241 1979 1376 2052 remota,
1411 1970 1509 2054 patula
1532 1975 1561 2031 et

370 2077 577 2158 subsecunda,
611 2096 651 2140 ex
673 2085 762 2141 ovato
784 2086 913 2161 anguste
936 2078 1116 2158 lanceolata,
1150 2084 1302 2157 euastata,
1336 2073 1560 2159 periebaetiaba

370 2181 715 2266 elongato-lanceolata.
761 2182 888 2265 capsula
911 2201 1024 2247 cernua
1047 2189 1078 2245 et
1107 2181 1376 2263 subborisontalis,
1410 2179 1505 2244 uvabs
1529 2185 1559 2240 et

370 2285 520 2369 oblonga,
558 2293 686 2369 anguste
709 2287 866 2365 annulata,
905 2279 1050 2370 operculo
1081 2303 1218 2349 convexo
1250 2285 1371 2367 oblique
1402 2282 1558 2368 spiculata.

370 2389 540 2454 Peristouaii
562 2389 670 2454 dentes
692 2391 869 2472 solidiores,
899 2391 1010 2455 interni
1032 2391 1205 2455 membrana
1226 2390 1331 2472 latior,
1362 2388 1469 2453 eiliolis
1491 2405 1559 2470 pro

368 2509 476 2555 cessus
498 2491 705 2573 aequantibus.
749 2490 849 2575 Bryul.
873 2513 938 2556 eur.
962 2493 1010 2576 Vl,
1034 2493 1104 2558 Tab.
1128 2491 1203 2558 562.

371 2614 449 2696 llyp.
474 2615 689 2695 coafmider
711 2616 797 2679 caule
820 2615 969 2698 depresso
990 2616 1039 2678 ael
1060 2622 1188 2698 repente
1210 2613 1320 2696 diviso,
1346 2615 1438 2679 ramis
1461 2635 1559 2680 nnn

500 2718 597 2799 lisque
617 2718 704 2800 sagis
726 2718 931 2800 fiblormibus,
969 2719 1048 2782 loliis
1080 2720 1147 2783 laxe
1177 2720 1340 2784 imbrioatis
1362 2722 1476 2784 erectb
1497 2720 1558 2783 lau

500 2821 627 2887 ceolatis
651 2823 784 2886 enerviis
809 2825 1032 2908 integerrimis,
1063 2822 1169 2887 thecae
1197 2825 1344 2888 obovatae
1369 2825 1559 2888 subcernuae

500 2927 644 3010 operculo
665 2929 924 2992 convexo-conica
946 2927 1065 2992 obtuso.
1108 2926 1188 2993 Raso.
1212 2927 1300 2996 blant
1330 2928 1422 2992 llusc.
1445 2948 1474 3010 p.
1502 2929 1558 2992 lb'i

501 3039 533 3097 et
554 3030 656 3116 Bryol.
679 3033 758 3097 univ.
781 3031 821 3113 ll,
844 3052 872 3116 p.
896 3031 969 3097 583.

414 3137 578 3202 Samaeos.
601 3137 701 3220 Suppl.
723 3135 746 3217 l,
769 3137 799 3200 P.
822 3136 857 3200 ll.
902 3138 946 3201 Dr
967 3135 1075 3202 Nonas.
1099 3136 1170 3220 Syll.

370 3242 451 3324 llyp.
475 3241 624 3323 oeoseeu'
646 3242 811 3306 Scuwsnan.
836 3241 935 3326 Suppl.
958 3241 992 3323 ll,
1014 3242 1044 3306 P.
1066 3241 1089 3320 l,
1112 3249 1133 3306 t
1159 3239 1230 3306 142.
1289 3243 1292 3250 ’

372 3346 518 3429 Asnblyst.
542 3347 756 3430 euaseruoides
778 3343 827 3410 Bu.
851 3354 882 3410 et
904 3347 969 3412 Soa.
992 3344 1090 3430 Bryol
1114 3363 1180 3410 eur.

457 3469 560 3536 llobs't.
583 3467 622 3532 atl
643 3485 716 3534 saxa
738 3475 769 3531 et
789 3467 905 3551 lapides
928 3467 1106 3551 praesertim
1138 3468 1275 3534 calcares
1303 3467 1446 3532 umbrosa
1468 3487 1489 3532 e
1510 3487 1560 3532 re·

369 3573 461 3657 piune
483 3572 644 3654 oanpestri
665 3589 762 3656 usque
777 3573 809 3635 in
824 3573 1010 3656 subalpinarn
1025 3570 1111 3636 valde
1127 3571 1302 3654 moralioe3
1325 3571 1355 3632 ia
1372 3589 1410 3636 aa.
1426 3571 1560 3636 liettar-

370 3678 444 3758 berp
466 3687 561 3758 prope
583 3675 788 3741 vindobonam
811 3677 862 3740 ubi
884 3677 921 3743 el
944 3677 1065 3740 Fabuau
1087 3677 1212 3753 detexit,
1234 3677 1265 3739 in
1286 3675 1434 3757 lapidibus
1453 3677 1559 3739 dame-

369 3787 467 3844 torum
490 3799 585 3864 prope
608 3781 811 3862 lleilr'penbial
842 3789 874 3844 et
894 3782 1046 3845 tavaviam
1074 3781 1198 3862 (Fusii),
1232 3781 1263 3844 in
1291 3780 1446 3844 vallaculis
1480 3799 1560 3864 pone

371 3885 577 3966 Neawoldeqq
598 3892 630 3947 et
652 3887 732 3948 eirea
761 3885 923 3968 Wus’db‘ap,
947 3891 978 3948 et
1006 3885 1184 3967 praesertin
1216 3885 1246 3947 in
1276 3883 1497 3949 declivitatrbns
1520 3907 1558 3948 as.

371 3988 631 4070 Hmneasslsopet
651 3987 772 4052 ditionis
796 3989 1050 4070 vindobonensis,
1074 4007 1133 4052 nee
1155 4007 1216 4053 non
1236 3990 1267 4052 in
1290 3991 1368 4054 valle
1388 3991 1501 4054 lateloi
1519 3991 1558 4054 ad

371 4091 488 4154 Larium
510 4091 546 4154 cl.
570 4091 753 4158 Ganovsauo
784 4096 908 4177 copiose
937 4095 1125 4174 observavit,
1158 4111 1253 4178 prope
1284 4111 1391 4178 papum
1423 4097 1557 4178 Sptapes

370 4195 513 4258 llbaotiae
535 4203 566 4258 et
588 4197 618 4259 in
643 4199 776 4281 abruptis
802 4199 955 4264 umbrosis
984 4217 1053 4262 oum
1076 4197 1155 4280 llyp.
1177 4201 1341 4263 inmoto
1363 4207 1449 4264 rotro
1471 4201 1557 4264 Ιοι-

372 4307 461 4362 trauoe
481 4298 519 4362 ad
542 4299 704 4364 lemanum
726 4302 793 4384 ipse
815 4301 937 4384 pulcbra
961 4301 1032 4386 lapi,
1055 4303 1086 4364 in
1109 4320 1184 4387 apro
1200 4302 1382 4368 Naneeiensi
1395 4303 1555 4378 (Gonnos).

371 4403 505 4484 pluribus
526 4403 602 4468 loeis
623 4404 741 4468 Jurassi
764 4405 928 4472 imneouiei
951 4407 1014 4482 (Fa.
1037 4405 1179 4480 Αιιοω).
1652 4415 1653 4428 ’

455 4509 560 4571 Fract.
582 4518 692 4574 notar.
716 4511 800 4574 tuitio
823 4513 957 4590 assutis,
980 4513 1010 4574 in
1033 4511 1159 4594 Alpibus
1179 4519 1348 4578 anuurnno.
