3104 5364
367 334 428 399 182
888 344 1039 396 Pottiaceae.

365 519 564 598 Didymodott
594 518 714 581 tetanos
737 518 881 581 lloansou.
914 519 932 578 l.
963 539 989 577 c.
1036 518 1085 579 Bu.
1119 526 1150 579 ct
1180 520 1279 579 Setun.
1309 518 1360 582 ur.
1391 536 1455 578 ertu.
1485 519 1499 576 l.
1526 542 1536 573 ι·

496 623 617 685 Wrusos
640 622 738 704 bryol.
762 622 836 689 Brit.
1314 633 1323 646 '

364 731 515 812 Cymodon
537 731 657 792 luridos
678 728 759 791 baro.
784 728 882 810 Bryol.
906 729 984 791 univ.

362 835 558 917 Didpmodon
581 834 724 915 triferius
747 834 892 896 Swmrz..
925 832 1033 894 iliam.
1059 832 1170 896 Slrand,
1195 834 1236 895 Fl.
1260 832 1309 894 etl.
1335 831 1366 894 6.

449 959 552 1020 llobit.
577 958 607 1019 in
630 963 712 1018 terra
742 954 861 1018 humida
884 955 932 1016 vel
964 956 992 1017 in
1023 956 1103 1017 saxis
1128 957 1288 1018 arenaceis
1312 954 1545 1033 semidecompo-

362 1064 429 1125 sitis
446 1062 493 1125 liic
509 1024 640 1143 illic⁴per
656 1062 806 1139 sueciam,
831 1060 1033 1147 Germaniam,
1051 1059 1173 1123 Galliam
1190 1066 1221 1121 ct
1237 1058 1445 1135 Britanniam,
1468 1063 1545 1119 rarior

360 1167 479 1230 videtur
502 1167 549 1227 vel
573 1167 788 1248 praetervisus.
835 1164 1038 1227 Pulcherrima
1068 1182 1162 1246 prope
1186 1162 1344 1246 bipontem
1368 1165 1451 1246 legi.
1480 1165 1546 1223 eti>

359 1272 442 1336 tione
465 1271 631 1354 upsaliensi
654 1271 686 1334 C.
709 1271 846 1334 Hierum
869 1271 958 1333 misit.

447 1379 549 1441 troci.
574 1384 684 1439 matur.
730 1374 835 1458 Aprili.

427 1498 525 1551 Formis
543 1498 682 1551 minoribus
702 1498 837 1550 Tricbost.
862 1497 978 1566 ripiduli
1002 1507 1029 1548 et
1054 1498 1102 1548 Tr.
1127 1496 1248 1563 topbocci
1271 1497 1340 1548 baud
1374 1497 1520 1549 dissimilis,
1541 1518 1549 1541 t

358 1588 438 1654 primo
459 1585 527 1636 loliis
547 1583 723 1650 brevioribus,
748 1583 780 1635 ab
806 1583 887 1635 altero
912 1581 980 1635 loliis
1003 1586 1100 1650 acutis,
1124 1584 1156 1635 ab
1181 1592 1290 1653 utroque
1310 1583 1438 1638 loliorum
1458 1589 1501 1635 reti
1519 1604 1541 1630 nn

360 1673 473 1741 guntione
493 1682 519 1724 et
536 1672 677 1740 peristomii
696 1671 782 1723 indole
801 1673 862 1723 satis
880 1686 1009 1740 superque
1028 1672 1170 1724 distinctus.

427 1757 557 1811 Foliorum
575 1767 684 1824 umora,
704 1759 868 1812 consistentia
888 1757 1020 1823 solidiore,
1034 1761 1203 1828 margincque
1216 1757 1319 1821 omuino
1333 1759 1463 1810 edentulo
1482 1775 1542 1808 mr

356 1843 420 1897 teris
438 1845 542 1913 generis
560 1843 699 1913 speciebus
717 1844 825 1896 recedit.

719 2070 747 2137 3.
791 2071 974 2154 promotor
997 2070 1186 2152 eymutcos.

709 2211 806 2264 Weisia
823 2212 965 2278 cylindrica
984 2210 1067 2264 Brucn
1085 2214 1111 2263 in
1129 2211 1198 2262 Bnm

440 2350 602 2433 caespites
613 2348 740 2413 humiles
755 2369 826 2414 raro
842 2359 1061 2431 tumescentes,
1085 2352 1155 2431 laxi,
1180 2351 1298 2430 molles,
1314 2369 1461 2434 superne
1486 2355 1551 2415 laeti

356 2457 404 2517 uel
430 2455 637 2519 flavo-virides
660 2455 781 2518 inferne
806 2456 981 2520 albicantes.
1029 2456 1111 2519 Folia
1142 2457 1248 2541 longa,
1279 2455 1551 2539 flexuoso-patula

357 2560 492 2638 linealis,
518 2560 716 2623 subundulata
740 2562 877 2625 siccitate
901 2563 1047 2643 crispata,
1072 2563 1138 2624 basi
1162 2561 1279 2640 albida,
1311 2560 1368 2622 alis
1402 2564 1551 2646 fragilibus

353 2667 454 2747 opacis
479 2667 590 2727 minute
613 2666 802 2748 granuiosis,
832 2668 970 2749 margine
996 2666 1144 2748 inaequali
1168 2666 1326 2748 granulato
1349 2667 1542 2748 granulisii

353 2771 480 2851 partitis,
504 2770 754 2852 apice'dentibus
779 2769 931 2833 nonnullis
949 2771 1066 2834 obtusis
1084 2772 1221 2834 remotis.
1261 2769 1396 2852 capsula
1425 2774 1457 2835 in
1482 2775 1541 2853 perti

352 2875 431 2937 cello
453 2874 563 2956 pallido
586 2874 667 2937 molli
691 2882 805 2953 erecta,
830 2883 961 2958 anguste
984 2875 1187 2957 cylindracea,
1213 2875 1334 2953 tenella,
1358 2877 1480 2957 pallide
1506 2880 1544 2939 lei

350 2981 487 3064 ruginea.
534 2979 982 3061 Operculum'subulirostrum.
1019 2980 1158 3042 tinnulus
1183 2987 1343 3064 angustus,
1368 2990 1550 3062 persistens

351 3084 518 3148 Peristomii
540 3084 651 3147 dentes
674 3093 804 3166 anguste
827 3085 1117 3164 lineali-lanceolati,
1142 3086 1264 3168 integri,
1289 3085 1339 3148 vel
1355 3091 1453 3150 vario
1478 3111 1514 3150 oia

349 3191 464 3273 pertusi
487 3188 622 3272 fissione,
646 3187 842 3272 fugacissimi.
889 3188 988 3270 bryol.
1014 3208 1080 3254 eur.
1105 3189 1140 3268 ll,
1166 3189 1236 3251 Tab.
1266 3189 1336 3253 187.

358 3312 467 3374 Weieio
490 3312 663 3391 cylindrico
687 3310 771 3374 ilocn.
796 3321 863 3375 mst.
902 3312 982 3374 baro.
1008 3312 1108 3392 Bryol.
1135 3313 1215 3374 univ.
1256 3312 1335 3374 Nsss
1360 3323 1396 3377 et
1418 3318 1548 3379 ileum

481 3415 580 3498 Bryol.
604 3435 700 3500 germ.

357 3521 467 3584 Weisio
489 3523 685 3585 tenoirostris
708 3522 800 3586 iloon.
824 3531 855 3585 et
879 3523 962 3586 Taua.
988 3523 1081 3585 blusc.
1105 3522 1177 3586 Brit
1201 3522 1251 3586 ad.
1275 3524 1303 3587 2.

350 3625 549 3704 Didymodoo
571 3628 767 3690 teooirostris
790 3627 880 3689 Wns.
904 3627 1052 3690 iubenti.
1076 3628 1180 3690 Journ.
1205 3628 1265 3690 bot.

350 3729 514 3808 nidmu
538 3732 726 3811 cylindricus
748 3730 834 3794 Bson.
858 3740 890 3794 et
906 3734 985 3796 Scae.
1009 3731 1108 3812 llrpol
1131 3751 1196 3797 eur.
1221 3734 1239 3793 l.
1266 3754 1293 3791 e.

352 3834 501 3897 l'ricboot.
524 3838 728 3915 spumosum
751 3837 783 3899 C.
808 3837 923 3900 blitum
947 3837 1074 3919 Synops.

437 3956 538 4020 tiabit.
570 3959 601 4020 in
631 3961 714 4022 saxis
743 3967 774 4022 et
804 3960 930 4042 rupibus
959 3960 1124 4023 arenaceis
1153 3979 1188 4020 ao
1211 3960 1371 4043 graniticis
1403 3965 1551 4025 umnam

347 4077 404 4142 per
425 4062 580 4144 Vogesum
603 4063 781 4145 praeprimis
803 4064 996 4141 inferiorem,
1025 4067 1056 4127 in
1081 4065 1297 4146 Sylva-nigra,
1322 4068 1353 4127 in
1377 4069 1472 4130 Saltu
1496 4070 1547 4127 itio

347 4164 482 4248 rincico,
507 4167 581 4231 loeis
604 4168 706 4232 multis
730 4170 864 4250 Angliae
888 4176 978 4251 atque
1008 4171 1037 4232 in
1067 4167 1227 4233 Hibernia:
1257 4172 1386 4233 omnino
1413 4173 1549 4235 deestis

348 4269 497 4333 montibus
520 4272 677 4338 cucuso

431 4392 533 4460 Fnct.
558 4405 668 4460 motor.
693 4395 826 4460 Octobri.
867 4397 1015 4479 capsulae
1039 4396 1160 4477 saepius
1183 4395 1303 4461 desunt.

416 4515 504 4570 Pluto
520 4527 619 4584 unere,
638 4518 804 4586 clepeotule‚
825 4536 882 4571 cum
902 4520 984 4571 tonna
999 4521 1096 4572 minore
1114 4520 1246 4573 barbatae
1265 4528 1410 4574 tommo
1432 4540 1546 4589 inopum
