3290 5370
566 401 729 472 llppnaceae.
851 386 859 406 ’
1175 397 1235 462 581

67 578 144 642 dioioi
169 577 335 663 ceulogeni.
383 578 521 661 Calyptra
548 578 726 660 plerumque
755 577 876 660 parvula
906 576 1009 659 lugax.
1055 577 1181 660 Capsule
1207 581 1238 642 in

64 683 197 764 perlicello
218 683 316 746 tenaci
339 699 491 765 purpureo
513 680 593 745 laevi
615 683 664 746 vel
694 680 809 764 papillis
839 680 959 744 minutis
987 697 1097 765 aspero
1125 701 1239 746 cernua

64 793 90 850 et
107 787 201 852 subito
223 787 427 868 horizontalis,
450 804 504 870 pro
529 795 612 851 more
635 784 836 852 crassiuscula
860 782 954 861 (unde
979 803 1106 867 nomen,
1129 791 1236 876 βραχυ

64 899 212 974 crassum),
235 891 357 976 turgide
379 901 465 956 ovata
492 892 542 956 vel
563 891 859 974 incurvo-oblonga,
888 888 1101 973 paobyderma,
1133 891 1238 975 solida,

65 997 135 1061 sicca
158 998 371 1080 deoperoulata
395 997 517 1062 minime
540 996 589 1059 vel
610 995 763 1080 paulisper
795 995 851 1060 sub
879 1012 934 1059 ore
957 1002 1131 1079 angustma,
1163 1015 1238 1062 nun·
1274 983 1277 990 ¹

62 1121 140 1183 quem
174 1103 303 1182 sulcata,
341 1100 478 1184 perfecte
517 1108 632 1164 matura
668 1100 814 1164 brunnea.
867 1098 1048 1181 Operculum
1086 1120 1238 1184 magnum,

61 1207 351 1286 convexo-conicum,
375 1203 583 1268 acuminatum.
629 1203 765 1268 Annulus
789 1221 806 1266 e
829 1203 956 1288 simplici
970 1203 1019 1267 vel
1033 1203 1142 1287 duplici
1157 1208 1238 1270 serie

61 1309 222 1373 cellularum
246 1311 441 1392 compositus.
488 1309 697 1373 Peristomlum
721 1325 876 1392 magnum3
911 1306 1021 1371 dentes
1044 1309 1240 1374 crassiusculi

61 1413 230 1478 densissime
254 1413 401 1478 articulati
424 1413 592 1478 siccitates
615 1411 714 1477 medio
737 1413 818 1476 iuter
838 1429 1002 1495 processus
1017 1413 1147 1494 incurvi3
1171 1432 1238 1496 pro-

60 1535 156 1582 cessus
179 1519 321 1583 dentibus
344 1517 531 1602 aequilongi,
555 1519 585 1580 in
608 1518 709 1582 carina
731 1517 810 1599 lissi,
837 1516 936 1582 ciliola
958 1519 1117 1601 interjecta
1138 1520 1238 1583 binata

36 1605 86 1683 'et
112 1631 226 1687 temata
263 1621 454 1709 aequiionga.
501 1623 614 1706 Sporae
654 1621 856 1707 lemugineae.
909 1623 1057 1688 llabltatio
1094 1625 1238 1706 saxatilis,

59 1728 207 1794 terrestris
230 1735 263 1792 et
284 1727 422 1792 arborea.
1178 1719 1180 1724 ’

255 1919 336 1984 Soet.
358 1917 383 1985 l.
428 1917 624 2001 Oopsuloe
643 1917 864 2000 padicellos
886 1919 1026 1984 loccis.

481 2057 503 2108 1.
541 2053 595 2110 llr.
613 2056 799 2108 salebroso.

422 2177 445 2244 l.
476 2177 722 2262 bnmbstbeclu
744 2127 865 2273 lectam

499 2318 581 2387 llypn.
602 2318 694 2372 laetum
712 2316 784 2372 Bnm.

136 2440 285 2520 Dioicum‚
301 2439 403 2503 babitu
419 2441 500 2505 inter
516 2441 623 2522 comp.
640 2443 789 2508 lactescens
801 2447 832 2504 at
847 2440 901 2504 ur.
916 2441 1107 2506 salebrosum
1121 2439 1240 2522 ludens,

58 2545 200 2627 caespites
234 2545 314 2608 laete
344 2545 468 2610 virides.
515 2545 616 2610 Cauiis
650 2545 822 2610 ascendens
855 2544 998 2630 divisum
1029 2546 1104 2610 rami
1134 2547 1241 2628 erecti,

58 2647 181 2730 rig'duli,
204 2667 282 2733 vage
305 2649 460 2714 ramulosi.
498 2649 579 2713 Folle
595 2651 689 2715 dense
706 2651 853 2730 coniecta,
874 2649 941 2712 laxe
957 2650 1121 2732 imbricata,
1138 2659 1240 2716 ovato·

59 2747 226 2835 lanceolata,
251 2754 374 2818 brevius
397 2755 574 2834 acuminata,
596 2755 762 2837 interrupte
785 2755 910 2835 sulcate,
933 2773 1030 2838 usque
1052 2756 1090 2820 ad
1112 2755 1242 2822 medium

59 2857 267 2938 tenuicostata‚
291 2858 490 2922 minutissime
514 2868 646 2940 serrata,
670 2860 782 2924 areolis
803 2858 987 2942 longissimis
1010 2861 1242 2945 angustissimis.

59 2957 178 3043 Capsula
201 2963 362 3028 suberecta
384 2964 432 3027 nel
455 2981 569 3028 cernua
595 2970 725 3047 anguste
756 2963 1097 3048 oblongo-cylindricn,
1132 2966 1242 3029 leniter

59 3063 172 3130 incurva
206 3066 256 3131 vel
288 3067 484 3149 subarcuata,
518 3067 662 3151 operculo
691 3073 820 3152 angnrste
851 3069 978 3148 conice,
1012 3070 1122 3134 annulo
1152 3069 1241 3136 nullo.

58 3167 149 3250 bryol.
172 3191 239 3236 eur.
265 3169 313 3253 Vl,
336 3172 407 3235 l'ab.
431 3168 503 3236 ool.

59 3289 130 3372 lipp.
153 3295 267 3358 loetarm
289 3294 375 3358 caule
398 3300 524 3376 repente
547 3291 716 3357 inordinato
740 3293 1000 3378 subpinnatimque
1023 3311 1159 3375 ramoso,
1189 3313 1243 3358 ra-

182 3399 272 3462 mulis
294 3397 504 3461 erectiusculis
538 3398 688 3478 incurvis,
729 3397 807 3460 loliis
841 3397 908 3462 laxe
942 3399 1106 3463 imbricatis
1139 3407 1243 3463 ovato·
1272 3442 1279 3463 ,

180 3502 357 3568 lanceolatis
388 3509 494 3586 argute
530 3503 656 3566 serratis
684 3503 826 3567 histriatis
856 3504 1107 3587 abruptineraiis‚
1138 3502 1244 3567 thecam

180 3609 340 3691 elongatae
364 3608 583 3670 erectiusculae
607 3607 751 3689 operculo
774 3626 791 3671 e
815 3609 880 3672 basi
902 3611 1160 3673 connexo-conica
1175 3609 1243 3672 bre·

179 3711 304 3776 sissimo
326 3712 521 3776 curvirostro.
566 3710 647 3774 Bnnn.
671 3711 769 3792 Bryoi.
794 3713 876 3776 univ.
898 3713 940 3794 ll,
964 3733 991 3796 p.
1014 3709 1089 3778 479.

58 3811 131 3895 lipp.
154 3817 301 3880 tmeotom
323 3815 355 3879 (l.
381 3815 495 3880 numa
520 3817 669 3898 synope·
992 3829 996 3837 ’

59 3915 219 4002 Braetytn.
243 3921 355 3984 metum
376 3921 476 4003 Bryol.
499 3939 564 3985 enr.

139 4041 242 4106 lloba't.
267 4041 298 4104 in
321 4043 473 4126 sylvaticis
496 4061 586 4126 supra
610 4061 682 4107 sexa
698 4044 833 4108 calcanea
851 4052 882 4109 et
897 4045 935 4108 ad
949 4052 1062 4108 terram
1081 4044 1245 4129 lapidosam

57 4160 145 4228 prope
160 4146 351 4227 Boyrbrcnn
368 4146 490 4211 ditionis
514 4147 705 4233 llonacensis
729 4149 779 4212 ubi
803 4149 840 4212 cl.
865 4149 1012 4213 Surenam
1035 4149 1149 4233 primus
1171 4150 1246 4233 legit

59 4255 86 4310 et
101 4252 233 4334 copiosis
249 4253 463 4334 speciminibus
486 4253 724 4335 communicarit,
747 4253 779 4317 in
802 4255 968 4320 Franconia
990 4253 1130 4319 orientali
1152 4273 1246 4340 prope

57 4353 224 4438 streitberg
245 4355 296 4433 (ol.
319 4355 368 4419 ra.
391 4357 534 4434 Annona).

141 4461 242 4526 Froet.
264 4468 375 4525 motor.
398 4461 570 4528 Novembri.

126 4563 235 4631 Capsuls
259 4563 393 4617 suberecta
419 4577 540 4635 angusta,
569 4567 644 4622 escle
671 4568 843 4636 escendente,
872 4571 948 4622 ramis
972 4567 1126 4640 sanguisque
1150 4569 1245 4622 strictis

1022 4655 1073 4708 3⁴⁰
