3322 5376
582 362 724 432 οφωιο.
1187 357 1251 424 tet

72 537 139 617 issi,
172 536 238 602 cilia
268 535 445 602 tenuissima
481 536 614 602 solitaria
644 535 694 600 rel
731 534 848 615 binata,
886 535 978 622 longe
1013 537 1250 620 appenucatata.

72 637 499 724 BmmffimW

70 763 115 826 ilr.
133 764 283 845 pitisornsc,
306 761 437 844 capsulis
461 759 601 843 pendulis
624 761 776 845 oblongis,
801 759 937 824 caulibus
955 761 1103 826 teretibus
1118 767 1251 830 ramosis

184 867 349 950 elongatis,
382 865 463 928 loliis
496 865 659 927 imbricatis
687 867 783 930 oratis
816 865 901 947 apice
931 865 1104 930 oonoolore.
1149 867 1249 936 Dicas.

88 1021 95 1040 .
184 971 266 1036 Fasc.
290 970 331 1033 Pl.
353 975 447 1052 crypt.
468 968 518 1048 lv,
541 987 568 1050 p.
597 967 645 1032 16.

69 1075 114 1138 ila.
129 1076 282 1153 p‘sloccum
310 1075 396 1136 Suam
425 1072 467 1134 Fi.
495 1071 568 1136 Brit.
591 1091 619 1154 p.
648 1071 738 1138 135⁷.
788 1074 952 1137 massua.
985 1071 1078 1164 Suppl
1100 1071 1129 1154 Ι,
1162 1077 1191 1140 P.
1214 1075 1253 1160 ll,

183 1176 263 1238 ano.
285 1174 385 1257 bryol.
407 1175 487 1236 univ.
530 1174 576 1236 Da
604 1174 731 1238 Normus
755 1175 827 1256 Spll.
871 1173 921 1236 lin.
954 1179 986 1239 et
1014 1177 1079 1240 Scan
1109 1177 1159 1242 br.
1182 1197 1249 1246 eur.

184 1280 216 1344 G.
239 1279 354 1344 ummo
379 1279 505 1360 synope.
549 1278 686 1342 braama
702 1277 813 1344 Siseni.
836 1279 878 1344 l'l.
912 1279 1034 1343 Wssson
1057 1280 1155 1362 tepet.
1178 1284 1251 1352 Brit

143 1400 244 1464 litabit.
268 1401 299 1462 in
322 1400 446 1482 rupibus
469 1399 602 1483 irrigatis
625 1399 762 1483 regionis
785 1398 960 1481 subalpinae
976 1407 1007 1464 ct
1029 1401 1159 1485 alpinae,
1182 1425 1254 1471 raso

69 1503 94 1566 in
114 1505 288 1586 campestri:
313 1505 342 1566 in
366 1503 495 1587 Angliae
519 1511 608 1585 atque
631 1502 750 1568 Scotiae
773 1504 933 1582 montibus,
958 1504 989 1566 in
1012 1505 1139 1587 Alpibus
1160 1509 1252 1572 Salis·

68 1607 182 1690 burgiae
210 1609 261 1672 ubi
285 1609 316 1670 in
350 1607 510 1692 rtnzpovia
538 1607 574 1670 ml
606 1625 712 1688 rupem
740 1607 838 1670 imbre
870 1615 1037 1671 cataractae
1066 1611 1254 1693 Krimmlsoll

68 1715 213 1778 irroratum
229 1712 441 1794 copiosissime
458 1710 639 1774 iructiiicons
655 1712 722 1793 ipse
738 1711 809 1793 legi,
833 1711 864 1774 in
881 1713 1049 1776 Arverninc
1067 1715 1255 1782 iloni-Dore

69 1818 99 1880 ai
126 1817 475 1900 Catanctam-magnam
508 1817 651 1894 (Grande
677 1817 822 1886 concode)
852 1815 1014 1879 reverend.
1053 1818 1098 1880 Da
1125 1819 1255 1884 annorx

70 1922 198 2004 reperit,
219 1921 256 1984 ad
286 1923 421 1984 coscadc
442 1922 483 1984 clu
505 1940 598 1984 comer
621 1921 845 2004 Qrenaeorum
868 1921 902 1983 li.
927 1922 1045 2003 Smucs,
1069 1923 1099 1986 in
1125 1926 1250 2007 Alpibus

70 2024 276 2090 smodinauicis
305 2025 415 2088 lectum
437 2023 588 2088 dederunt
610 2025 697 2089 clara.
721 2023 812 2088 Bursa
828 2033 858 2088 et
874 2024 1028 2104 Honestam
1050 2026 1088 2090 ad
1108 2026 1254 2111 Neapolim

71 2127 222 2208 (lustro,
253 2130 459 2194 ilocasrsman
489 2127 553 2200 lii).
596 2127 630 2192 ln
660 2127 796 2212 Algiriae
827 2147 866 2192 m.
896 2128 1078 2209 Boujmoob
1111 2130 1181 2204 (Aa.
1215 2149 1254 2196 os
1376 2125 1379 2134 ¹

72 2231 208 2314 lamma,
243 2234 380 2310 Duntsu).
857 2251 862 2262 ’

144 2339 246 2404 Fmtct.
271 2345 381 2402 motor.
405 2343 574 2400 auctomno.

129 2457 308 2512 Garasteribus
331 2473 408 2526 supra
431 2458 553 2524 expositis
578 2455 656 2510 facilc
673 2457 706 2509 ab
728 2455 845 2509 omuibus
873 2456 993 2524 emota
1016 2458 1151 2526 europaeis
1167 2459 1255 2512 ‹listin-

70 2547 157 2612 poitur,
191 2545 324 2600 dillicilius
354 2561 369 2596 a
399 2545 502 2612 generis
533 2543 670 2612 speciebus
700 2544 821 2606 exoticis,
857 2544 880 2596 si
909 2544 1011 2612 quidem
1043 2547 1132 2613 specie
1162 2561 1255 2600 revera

70 2633 192 2685 distinctae
210 2643 278 2686 aunt.
316 2633 364 2684 br.
377 2631 519 2694 jataceom
537 2631 720 2698 olpsainicusn
737 2647 751 2684 a
771 2631 809 2682 W.
825 2631 948 2682 Scrrrsrsn
966 2631 991 2682 iu
1010 2630 1162 2699 Abyssinine
1180 2651 1255 2686 mon·
1336 2611 1342 2628 ι

71 2720 128 2772 tibus
146 2723 243 2772 semen
262 2720 368 2786 copiose
387 2719 496 2782 lectum,
521 2734 570 2770 non
595 2719 643 2769 uisi
663 2717 731 2770 loliis
755 2717 832 2786 paulo
855 2717 988 2770 latioribus
1007 2721 1156 2772 acuminatis
1175 2719 1255 2773 lanius

70 2809 144 2874 textis,
161 2807 284 2875 capsulae
303 2805 427 2875 operculo
444 2805 536 2857 altiore
555 2805 648 2871 utitem,
666 2804 841 2856 maironnus
857 2822 872 2857 a
890 2803 957 2857 beat.
976 2803 1088 2857 laroma
1107 2823 1121 2859 a
1141 2823 1172 2858 ns.
1193 2807 1255 2859 Ori·

72 2895 128 2944 sato
144 2895 251 2947 relatum
271 2896 370 2946 recedit
387 2893 457 2946 loliis
483 2893 564 2958 magis
587 2893 708 2944 concavis
731 2891 827 2944 minuto
852 2890 987 2959 spiculatis
1015 2893 1089 2958 spire
1113 2893 1256 2947 distinctius

72 2981 204 3048 memiana,
223 2982 320 3035 arcolis
339 2979 496 3049 longioribus
516 2979 702 3048 unguentarium
721 2978 857 3045 flexuosis,
876 2978 1102 3046 parisitaetialibus
1120 2982 1255 3048 augustio·

71 3067 133 3122 ribus
158 3067 325 3136 lanceolatis,
350 3067 471 3134 penitense
492 3085 507 3119 a
532 3067 642 3120 Paruuis
664 3064 731 3120 sci.
747 3064 857 3118 lusson
876 3067 979 3119 missum
1004 3066 1169 3130 distinguitur
1188 3067 1256 3122 loliis

73 3153 222 3210 brevioribus
246 3154 378 3207 latioribus
397 3155 472 3222 apice
489 3152 661 3206 acuminulato
678 3161 777 3205 serrato
795 3161 865 3204 oostn
883 3150 960 3220 longa
980 3153 1047 3206 inira
1064 3170 1171 3206 acumen
1197 3171 1254 3206 era·

71 3241 130 3308 nida,
148 3243 305 3296 arcolatione
323 3240 400 3308 paulo
418 3239 519 3307 latiora,
537 3239 703 3306 alpia-ianuas
721 3238 830 3306 denique
850 3237 968 3290 loliorum
987 3239 1036 3292 reti
1059 3241 1254 3309 augustissim03

72 3341 120 3378 runa
142 3329 189 3381 boc
212 3331 296 3382 forma
319 3327 491 3394 neapolitana
512 3325 607 3393 optima
639 3325 765 3377 maseato
802 3323 830 3376 lu
854 3325 939 3377 medio
961 3325 1078 3396 relinquo
1102 3341 1134 3377 nn
1156 3327 1183 3377 iu
1210 3327 1256 3379 iras

71 3411 129 3466 levis
146 3417 267 3470 momenti
286 3414 443 3467 differentias
460 3413 563 3481 specics
580 3410 730 3464 condendas
747 3412 798 3464 sint
815 3425 847 3462 ass
864 3425 924 3462 nou.

132 3501 369 3556 Reverendissimus
390 3501 429 3552 Da
448 3499 555 3552 lsenonr
581 3500 720 3568 specimina
739 3499 771 3552 ad
789 3506 942 3552 cataractam
964 3515 998 3552 m.
1019 3499 1092 3552 bore
1116 3500 1256 3552 Artemius

74 3583 129 3652 legit
145 3598 171 3642 et
197 3590 247 3642 sub
273 3589 374 3642 nomine
393 3587 465 3655 Bryi
482 3587 582 3640 ses-ieet
605 3587 801 3638 communicarit
823 3585 927 3654 capsula
951 3587 1088 3639 suberecta
1095 3623 1103 3652 ,
1132 3586 1256 3654 operculo

73 3675 169 3742 minore,
187 3677 335 3745 peristomio
353 3677 452 3729 interno
464 3674 540 3726 ualde
554 3674 715 3742 imperfecto,
732 3674 767 3726 ita
780 3683 807 3726 ut
820 3673 929 3725 fructum
941 3673 1133 3740 iiroclsymaas's'
1145 3674 1256 3739 diceres,

73 3761 125 3826 scri,
151 3780 190 3815 me
207 3765 338 3831 opinante,
354 3761 391 3816 nil
411 3762 479 3814 aliud
498 3771 538 3814 cst
556 3777 631 3830 quam
651 3759 730 3812 iorma
748 3761 921 3828 depauperata
940 3777 972 3812 ex
990 3759 1141 3812 evolutione
1159 3761 1257 3828 imper-

74 3845 234 3904 tacueram.

507 4003 581 4068 Gen.
606 4000 636 4066 6.
681 4001 815 4066 ZlElllll.

556 4143 653 4194 smera.
674 4139 768 4194 Coreli.

154 4267 247 4330 blusci
270 4264 397 4329 humiles
420 4262 615 4346 caespitulosi
638 4264 693 4326 sub
716 4263 799 4344 apice
832 4259 966 4324 florifero
996 4261 1174 4324 innovantes
1204 4259 1258 4324 tic·

77 4383 206 4454 mumque
230 4371 399 4434 dichotome
424 4369 545 4438 ramosi.
591 4368 689 4430 Cauiis
711 4363 856 4428 radiculis
879 4363 915 4428 ad
939 4363 1052 4446 apicem
1077 4381 1175 4447 usque
1203 4363 1257 4425 ob·

77 4475 174 4538 tactus.
205 4477 286 4540 Folia
301 4477 397 4540 laxius
414 4474 576 4539 densiusve
593 4473 755 4553 imbricata,
773 4479 875 4538 ovato·
893 4467 1258 4551 ctoblongo-acuminuta,
