3104 5368
490 393 630 462 Bryaceaa.
1100 385 1161 448 42⁵1

29 586 81 649 sque
108 570 135 630 in
164 568 292 649 alpinam
324 568 417 630 totius
453 567 607 650 Europae;
644 584 706 630 var.
734 569 765 644 β.
796 567 827 628 in
864 566 988 628 summis
1019 565 1162 648 Alpibus3

27 691 55 732 ar.
72 697 92 750 y.
111 671 143 734 ad
162 670 363 756 scaturigines
387 691 404 733 e
427 671 556 756 reffl'one
578 671 739 752 campestri
762 687 860 751 usque
882 671 913 731 in
936 668 1133 751 subalpinam.

70 777 155 838 tract.
177 783 289 838 matur.
313 775 438 839 ineunte
461 781 589 842 aestate.

57 895 127 948 l'loata
142 897 322 964 magnitudine,
341 897 483 963 caespitum
501 896 636 962 densitate,
655 895 730 947 caule
743 911 810 946 nunc
823 903 911 946 erecto
924 910 991 946 nunc
1003 892 1162 978 geniculato-

27 984 139 1048 ceodente,
165 982 283 1034 folionum
303 983 383 1034 iorrna
400 982 574 1050 magnitudine
593 991 619 1034 et
636 982 777 1034 directione
791 981 899 1032 maxime
913 979 1049 1033 sanabilis
1076 977 1158 1031 Caute

27 1069 130 1120 nunciati
146 1079 171 1121 et
189 1068 340 1137 semipedali
357 1069 489 1136 provenit,
507 1077 634 1136 prostnto
651 1068 694 1121 uel
713 1077 816 1132 erecto,
840 1067 910 1120 foliis
927 1067 1044 1120 omnibus
1062 1081 1161 1136 nequa-

27 1155 54 1204 'us
68 1153 101 1206 ael
118 1155 291 1224 inaequalibus
309 1165 336 1208 et
353 1154 533 1222 dissimilibus,
558 1155 650 1208 eremis
667 1155 763 1208 strictis
786 1152 828 1206 vel
854 1153 1094 1207 falcato-secundis.
1132 1151 1160 1204 ln

27 1241 82 1291 inuia
97 1241 234 1310 lioruegiae
251 1241 360 1310 Alpibus
378 1243 484 1294 ioranam
502 1241 616 1294 sterilem
641 1240 776 1294 observavi
802 1239 921 1293 caulibus
943 1240 1063 1294 tenuibus
1081 1240 1161 1292 dense
1206 1301 1208 1306 Ι

26 1323 77 1378 liaris
95 1329 215 1396 caespites
241 1327 350 1382 tumidos
373 1337 520 1395 compactos
546 1327 598 1382 illis
626 1327 742 1380 Oreadio
768 1327 921 1382 Martianus
938 1326 1050 1394 similes,
1081 1326 1161 1378 ellor-

26 1423 90 1465 tutem.

362 1573 389 1639 t
418 1569 583 1640 t’iltuautls
604 1571 754 1638 odones

374 1709 451 1764 baca.
470 1720 497 1764 et
515 1711 570 1763 sm.
588 1707 676 1778 brpol.
695 1726 750 1762 sar.

64 1828 224 1914 Robustior,
248 1835 399 1916 caespites
416 1851 542 1918 magnos
559 1849 687 1896 amoene
702 1829 815 1893 virides
831 1830 1009 1913 plerumque
1024 1836 1159 1892 tomento

26 1929 126 1996 dicnlari
154 1935 253 1998 denso
280 1937 527 2020 rulo-purpureo
558 1936 740 1998 intertextas
763 1933 936 1996 efformans.
981 1933 1061 1996 Folia
1085 1951 1157 1995 con·

26 2043 69 2110 na,
90 2039 213 2120 rnajora,
245 2038 380 2102 secunda
403 2047 434 2104 et
456 2036 744 2118 laicata-secunda,
776 2037 1076 2116 ovato-lanceolata,
1109 2036 1157 2098 itta

26 2155 116 2202 nomm
144 2141 350 2206 masculorum
377 2141 455 2207 baud
484 2161 555 2207 raro
583 2142 698 2205 minora
729 2141 902 2219 imbricata,
932 2142 1030 2205 omnia
1061 2140 1158 2204 laxius

26 2247 74 2318 ata,
101 2251 182 2308 costa
205 2245 359 2308 crassiore
382 2245 526 2309 solidiore
548 2247 705 2308 instructa.
750 2245 908 2330 Perigonia
940 2264 1062 2328 magna,
1099 2244 1157 2306 late

26 2353 89 2422 erte,
119 2347 198 2411 loliis
227 2348 459 2412 involucralibus
487 2348 625 2428 omnibus
658 2348 783 2410 castatis
817 2345 923 2409 acatis.
968 2345 1096 2426 capsula
1128 2346 1158 2408 in

26 2443 114 2510 dicetto
136 2450 317 2534 longissimo
340 2449 535 2514 subilaxuoso
558 2454 668 2534 major,
701 2450 944 2534 ovato-globosa
973 2450 1036 2518 vel,
1051 2457 1157 2512 exacte

25 2545 138 2630 laertes,
176 2554 259 2617 sicca
297 2553 427 2638 oblonga
463 2559 584 2618 arcuata
621 2553 714 2616 sulcis
750 2553 1008 2616 numerosissimis
1037 2561 1158 2616 exarata

25 2651 209 2721 lo-brunnea.
254 2656 423 2719 Peristnrnii
459 2656 567 2721 dentes
606 2657 780 2734 breviores,
817 2656 963 2719 remotius
1000 2655 1158 2734 articulati,

25 2759 80 2921 ῑὺεηὲἰ
106 2759 171 2824 cilia
203 2761 254 2825 uix
283 2760 320 2822 ad
354 2759 470 2824 medios
503 2777 668 2844 processus
703 2758 857 2842 producte.
899 2759 999 2842 brpol
1022 2777 1087 2822 eur.
1110 2759 1158 2840 lV,

42 2905 48 2920 .
79 2860 124 2924 25.

25 2987 145 3047 atcania
167 2986 318 3048 calcares
339 2985 390 3048 Ba.
413 2993 444 3048 ct
467 2987 530 3048 sm.
560 2985 660 3066 Bryol.
694 3003 756 3050 eur.
779 2985 797 3048 Ι.
821 3005 846 3046 c.
892 2984 924 3046 0.
951 2983 1066 3048 littam
1089 2986 1159 3066 Syn.

96 3086 230 3152 llmraau
254 3087 365 3152 Skand.
389 3088 467 3152 Flos.
511 3089 634 3151 Wnsou
655 3087 756 3170 Bryol.
778 3088 851 3151 Brit

25 3185 135 3254 iloaats'a
156 3194 308 3255 castorea
331 3194 431 3254 Scaea.
454 3191 565 3258 Coroll

59 3309 152 3374 tiabit.
174 3314 206 3374 in
231 3312 462 3396 scaturiginosis
484 3312 631 3376 calcareis
654 3329 671 3373 e
695 3312 823 3394 regione
844 3312 1005 3394 campestri
1021 3320 1156 3375 montosa

25 3425 70 3488 que
96 3414 124 3477 in
150 3416 303 3498 alpinam3
341 3417 464 3498 copiose
504 3415 534 3478 in
569 3415 643 3478 locis
676 3416 858 3498 graminosis
889 3417 1012 3498 aquosis
1040 3416 1158 3480 lurussi

25 3511 114 3596 betici,
135 3517 295 3582 Helvetiae
318 3523 350 3581 et
371 3518 488 3600 Tyrolis
510 3519 630 3600 Alpium
652 3519 765 3600 reperi,
781 3535 829 3580 ex.
845 3537 892 3600 gr.
911 3519 942 3582 ln
957 3539 995 3580 rn.
1011 3521 1156 3602 sptupm,

41 3637 70 3679 n.
97 3623 208 3686 Geumi
237 3622 276 3685 ad
309 3622 405 3685 lacum
438 3623 718 3702 Scbwarsenbucia‚
750 3625 781 3685 ln
811 3623 894 3686 Valle
927 3625 1002 3686 Dua
1030 3623 1157 3704 Tyrolis‚

25 3723 170 3800 piosissime
192 3745 291 3810 prope
317 3727 402 3790 Thus
424 3727 591 3806 Helvetiae,
616 3727 652 3790 ad
676 3728 773 3791 lacum
795 3725 1045 3791 Naucomlcnsem
1069 3734 1126 3790 etc.

61 3827 149 3894 uras.
172 3839 288 3895 matur.
312 3829 409 3894 media
432 3838 558 3895 aestate.

48 3945 226 4010 Speciostmtma
245 3950 365 4018 generis,
389 3951 593 4017 aprsecedeote
611 3959 757 4002 consuatur
774 3950 891 4004 distincta
911 3949 980 4002 tollis
998 3950 1157 4018 longioribus

25 4025 116 4086 llalcatis
127 4039 238 4090 crassius
251 4037 368 4100 castatis,
382 4035 451 4088 loliis
460 4035 661 4106 perigoaialibua
674 4035 790 4090 omuibus
800 4038 1005 4104 acutis‘costatis,
1017 4038 1156 4105 peristomii

25 4119 89 4250 ¹atibus
104 4121 165 4177 baad
183 4127 208 4176 in
234 4123 353 4178 subulam
379 4123 545 4189 exeuntibus,
569 4123 637 4177 ciliis
660 4123 799 4188 brevibus,
828 4123 982 4177 habitatione
1006 4125 1032 4176 ia
1054 4127 1157 4193 aquosis

30 4205 106 4259 cilerls.
