3080 5370
448 361 639 412 Grialmiaceac.
1080 353 1145 424 m

24 545 86 614 nan
104 533 281 616 lppeos'des,
303 533 557 616 polycmltalum,
580 537 811 616 lmupiemoe,
830 535 1145 604 ammomum

94 639 158 702 illst
183 639 274 702 dosa
298 656 327 720 p.
345 635 421 718 372,
445 639 514 704 ‘lala
531 635 585 719 47,
609 639 628 701 ι.
651 635 702 702 3⁸2.

24 743 112 804 riclorl.
133 744 346 823 lompinoeum
369 741 468 807 iinon.
492 743 587 806 liusc.
613 743 709 808 irond.
733 743 832 826 ejusd.
857 743 907 826 Sp.
929 743 1021 808 amc
1060 745 1144 814 Waa.

91 855 117 910 et
138 847 218 912 dosa
241 847 278 910 B.
302 848 336 911 T.
365 848 519 912 lllaannna.
543 848 584 912 Fl.
607 848 683 931 lapp.
715 849 808 912 Hom.
833 855 864 914 et
886 849 974 919 Τιιι.
995 848 1088 914 masc.
1111 849 1143 923 ia,

23 971 87 1014 mom.
107 955 318 1034 ionopinosom
339 952 420 1016 Bnro.
453 952 551 1034 Bryol.
580 955 659 1017 univ.
710 952 762 1016 Ba.
795 959 827 1016 et
856 953 919 1019 Son.
950 951 1050 1034 Brpol.
1079 970 1143 1018 eur.

89 1057 126 1118 lla
146 1057 253 1120 Nossa.
279 1057 349 1139 Syll.
396 1057 428 1118 C.
452 1057 562 1120 Ηιιιιιι.
587 1056 696 1122 stand.
719 1056 760 1118 Fi
808 1057 928 1122 ll'nson
950 1056 1051 1140 Bryol.
1073 1057 1144 1135 Brit

56 1177 140 1241 llodit.
162 1179 193 1242 in
208 1178 357 1262 lapidosis
373 1180 530 1258 arenariis,
554 1179 722 1260 mendicis,
745 1179 826 1240 inter
847 1185 881 1240 ct
899 1179 1142 1260 supralapidea,

23 1281 92 1364 pionis
120 1291 277 1348 montanae
307 1291 339 1346 et
368 1283 562 1365 subalpinae,
596 1284 627 1344 ia
656 1283 784 1366 regiona
813 1283 974 1364 campestri
1005 1291 1144 1346 montosa

23 1385 60 1446 ins
74 1385 180 1449 senile:
204 1385 355 1452 ditissime
370 1387 553 1450 fructificans
575 1387 636 1470 legi
659 1387 691 1448 in
706 1388 831 1468 vageso
843 1387 1016 1468 superiore,
1040 1395 1099 1454 tam
1113 1391 1144 1454 in

23 1487 114 1569 laticis,
139 1489 188 1554 ubi
211 1493 246 1556 in
268 1491 346 1556 valle
362 1491 399 1554 de
415 1493 447 1554 la
466 1491 601 1572 Volopse
623 1509 696 1554 saxa
711 1492 859 1572 granitica
872 1491 1010 1580 Ιιιιιιιοιιιιι
1026 1491 1143 1578 dejecta

23 1609 117 1678 unque
147 1596 310 1661 interstitia
333 1595 471 1676 obducit,
502 1613 589 1678 quam
613 1596 645 1658 in
666 1613 784 1658 summo
806 1595 969 1660 Holcaeclr
990 1595 1142 1664 maduo

22 1687 58 1766 'tia
81 1699 253 1780 verberato3
282 1700 314 1763 in
337 1700 444 1782 Sylva·
435 1701 542 1784 nigra
569 1700 716 1762 fructibus
736 1706 879 1766 ansatum
901 1699 962 1764 uidi
991 1717 1096 1784 usque
1110 1704 1142 1766 ia

22 1801 106 1880 ionem
132 1810 354 1886 campestrem
391 1805 423 1866 in
452 1821 530 1918 aona
561 1801 790 1886 septentrionali
824 1805 1009 1887 plerumque
1036 1806 1141 1870 sterile

42 1907 108 1968 titur.

22 1915 138 2077 teFruct.
160 2021 273 2078 matur.
299 2030 374 2074 vere
398 2018 429 2074 et
451 2012 575 2075 ineunte
599 2017 724 2076 aestate.

37 2129 121 2186 ιιιιὶιιιιι
137 2135 241 2204 generis
260 2135 366 2203 species
393 2133 459 2184 baud
482 2145 540 2184 raro
557 2131 723 2199 smnipadalis
748 2128 912 2200 selengeo,
938 2131 1025 2186 alnae
1040 2131 1142 2204 triten(

22 2217 81 2270 iilt.
101 2222 282 2274 marmaissa
306 2220 411 2286 similis,
436 2219 512 2272 caule
536 2219 675 2286 graciliore
698 2217 803 2274 nomia
827 2219 977 2279 laanlila·
1000 2225 1142 2277 numerosis

22 2305 105 2372 poribus
117 2325 188 2378 qnam
209 2311 235 2362 in
249 2309 286 2362 ll.
298 2314 466 2372 canescente,
486 2306 625 2373 capsulis'
619 2323 644 2358 ιιι
657 2305 760 2360 ramulis
773 2307 942 2362 summitatem
956 2309 1038 2365 cadis
1051 2325 1141 2364 versus

22 2391 117 2458 munla·
133 2398 233 2450 minutis
253 2405 343 2448 ovato·
345 2391 466 2462 ellipticis
484 2395 565 2462 primo
580 2394 636 2444 visu
655 2393 843 2460 distinguenda.

36 2477 126 2536 Caniites
143 2487 286 2554 caespitum
305 2483 386 2536 uariat
404 2480 544 2534 secundum
570 2481 734 2534 habitationis
762 2483 947 2549 expositionem
966 2479 1006 2535 vel
1032 2481 1141 2536 latitudi-

21 2583 36 2618 ιι
55 2569 107 2624 locis
131 2574 228 2626 nivosis
252 2571 363 2625 humidis
387 2570 545 2639 nigricantea
570 2569 776 2637 conspiciuntur,
800 2571 878 2622 siccis
896 2571 983 2639 grisei.
1021 2570 1049 2622 ln
1067 2572 1141 2624 terris

21 2659 94 2710 urticis
109 2670 205 2726 prostat
225 2661 339 2713 varietas
359 2659 403 2720 (an
421 2659 525 2724 species
552 2657 701 2726 propria?)‚
724 2657 801 2709 caule
827 2650 964 2710 humiliore
987 2659 1141 2727 robustiora,

21 2741 59 2794 ulis
76 2747 172 2801 densius
192 2748 335 2814 conlertis,
354 2745 472 2798 loliorum
495 2745 556 2814 pilis
581 2745 633 2798 late
656 2745 855 2802 decurrentibus
875 2747 940 2800 adso
964 2745 1091 2816 clangetis
1115 2756 1142 2800 at

21 2825 68 2882 lexis
81 2843 104 2885 nt
123 2845 173 2888 tots
192 2835 284 2903 plasta
302 2833 428 2901 capillitio
447 2848 512 2886 cana
530 2834 622 2886 vestita
641 2833 766 2886 uideatur.

298 3041 343 3108 tn.
374 3039 586 3110 samnitium
609 3053 786 3108 canescens.

374 3195 470 3265 Brynm
489 3211 630 3250 canescens
648 3196 718 3250 Danu.

49 3333 115 3398 laxe
135 3339 357 3420 caespitosum‚
386 3337 537 3418 caespites
561 3356 579 3398 e
601 3337 680 3400 laete
704 3337 752 3400 vel
776 3357 793 3399 e
816 3337 898 3401 luteo
922 3339 1007 3402 viridi
1032 3361 1139 3405 canes-

21 3431 58 3494 lo
76 3438 134 3518 plus
163 3443 262 3503 minus
279 3440 361 3520 clati
386 3440 474 3522 plani.
507 3440 608 3505 Planta
626 3449 738 3520 erecta,
761 3441 848 3505 valde
864 3463 993 3528 ramosa,
1016 3448 1139 3510 ramulis

21 3537 89 3602 nius
112 3545 225 3608 omanis
249 3546 387 3609 remotis.
433 3545 513 3609 Folia
537 3547 653 3627 patula,
678 3553 848 3609 retrorsum
872 3555 901 3609 et
925 3565 1046 3614 sursum
1070 3570 1138 3613 cur-

21 3643 41 3702 l.
57 3649 202 3715 terminalia
226 3651 353 3730 saepius
371 3649 407 3712 ad
427 3668 517 3712 unum
541 3651 617 3713 latus
634 3650 763 3733 dejecta,
774 3635 777 3643 ¹
790 3671 828 3714 ex
843 3651 973 3736 oblonga
989 3653 1137 3720 carinata-

21 3759 79 3808 tana
100 3763 127 3816 et
150 3755 326 3818 subsulcata
349 3753 415 3816 basi
438 3761 569 3838 anguste
592 3753 758 3818 lanceolata
775 3761 806 3817 et
828 3753 975 3838 profunde
992 3748 1135 3841 carinula,

35 3847 103 3918 blera
131 3865 191 3923 tota
219 3859 413 3942 longitudine
442 3857 574 3937 reflexa,
611 3860 755 3922 acriminis
786 3860 1138 3944 lanceolata-piliiarmis

21 3956 86 4032 spine
105 3963 262 4043 medulata,
288 3961 450 4043 superlicio
473 3965 566 4028 totius
590 3963 719 4027 laminae
743 3965 857 4029 minute
873 3965 1034 4046 pupillosap
1057 3971 1122 4049 peri

21 4053 101 4124 intulis
131 4065 201 4131 altra
234 4067 371 4130 medium
406 4067 585 4150 rapinantis.
639 4067 766 4148 Gapsula
802 4069 832 4130 in
866 4068 1016 4151 ppdioallo
1045 4073 1137 4157 longo

21 4171 99 4236 pareo
125 4171 257 4237 siccitate
283 4184 463 4251 compresso
493 4172 702 4235 sinistrorsum
731 4177 812 4234 torto
834 4181 945 4235 ovalo·
932 4173 1084 4256 -clliptica
1107 4170 1137 4240 ai

21 4267 156 4354 domnica,
172 4278 381 4354 microsloma,
405 4273 484 4336 sicca
501 4273 657 4358 angulosa,
677 4277 825 4356 coriacea,
850 4275 997 4341 brunnea.
1031 4279 1135 4382 Calyp-

21 4365 109 4443 ΙΙΙιιιιιι
134 4379 269 4444 subulata
301 4379 368 4442 sola
402 4379 571 4442 summitate
601 4398 720 4461 aspera.
776 4377 956 4461 Operculum
985 4384 1136 4448 aciculare

21 4471 97 4548 Ιιιιιι
93 4497 132 4542 me
156 4487 295 4566 capsulae
330 4483 457 4566 aequale
489 4491 520 4546 et
547 4485 688 4568 longius,
718 4492 833 4548 rectum
866 4487 915 4550 vel
942 4485 1134 4568 obliquatam.
