3104 5364
490 365 644 420 Pottieeeee.

17 543 26 600 t
48 541 200 602 mata
227 538 371 602 Semeros
396 539 425 602 in
450 537 557 602 Sched.

17 643 226 724 sentiretis
251 641 330 708 Bere.
353 651 447 718 (teste
471 643 504 706 G.
529 644 666 714 neuen).

26 765 130 829 satit.
165 764 203 826 in
235 772 318 827 terte
341 765 480 848 giereose
512 772 543 828 et
565 781 714 829 erenecee
745 764 781 826 ed
813 764 971 827 fluviorum
999 766 1098 847 nipes,
1129 767 1159 830 in

17 871 63 931 ius
88 871 221 952 apricis
245 877 280 930 et
308 871 337 932 in
366 869 531 951 subalpinis
554 869 717 932 ceicereist
748 869 776 930 in
807 870 926 932 incultis
960 869 996 932 ed
1023 871 1159 936 euenum

17 975 292 1056 *Argentoratum
316 980 348 1034 et
363 973 510 1036 Beeiieem
532 975 596 1037 suis
618 975 693 1038 locis
709 973 929 1056 copiosissime,
954 973 1160 1059 vulgetissime

17 1093 112 1138 nesso
139 1076 305 1139 helvetico
328 1077 485 1154 interiore,
509 1077 538 1139 in
555 1079 705 1157 glareosis
729 1097 821 1141 secus
843 1080 957 1143 rivulos
980 1079 1071 1143 totius
1096 1061 1160 1142 iere

17 1183 115 1260 etiee,
149 1183 186 1243 in
216 1181 383 1262 Pyrenaeis
411 1197 506 1263 prope
528 1180 689 1262 Bupne'res
719 1185 757 1247 de
778 1182 912 1264 Biporre
933 1192 991 1248 etc.
1038 1184 1101 1248 Nec
1130 1187 1159 1248 in

17 1287 92 1351 muie
119 1305 188 1352 nec
217 1287 250 1350 in
276 1286 473 1352 Scandinevie
496 1285 533 1350 ed
556 1286 635 1350 diem
658 1296 780 1370 reperte
803 1296 860 1352 est.

26 1411 129 1474 Fnct.
155 1417 281 1474 mter.
305 1411 402 1493 primo
425 1427 507 1475 vere.

17 1529 91 1585 troie
110 1532 266 1585 humiliore
284 1547 342 1584 rero
361 1533 461 1584 unciam
480 1533 611 1596 metiente,
631 1529 700 1584 ioiiie
718 1531 880 1584 breuioribus
899 1531 1032 1584 tutioribus
1051 1533 1157 1585 humidi·

17 1621 86 1670 niune
100 1621 243 1684 curretis,
263 1617 370 1686 cepeule
382 1619 502 1672 breviore
517 1635 611 1672 cernue
624 1618 703 1686 gibbe
717 1618 794 1672 fenile
807 1634 821 1669 e
834 1629 957 1688 sequente
970 1620 1159 1688 distinguendo.

366 1812 416 1879 eo.
459 1811 591 1880 noenu
613 1813 760 1879 unuose
812 1783 816 1790 ’

331 1950 425 2020 oque
443 1961 582 2008 tomorum
602 1952 670 2006 um.
690 1953 734 2022 sp.
755 1951 792 2006 Pl.

37 2069 418 2154 uenenato-mospius,
450 2075 601 2156 caespites
623 2075 747 2154 molles,
776 2081 1004 2152 tumescentes,
1035 2074 1160 2156 pulchre

17 2177 172 2238 n-nrides.
220 2176 325 2240 Geniis
347 2178 415 2259 plus
440 2179 577 2241 minusve
595 2181 703 2254 eletos,
727 2176 897 2239 dichotome
920 2193 1071 2256 nemesus,
1095 2178 1160 2240 bosi

17 2281 346 2346 eutoso-rediculosus.
393 2283 473 2346 Fotie
496 2282 594 2345 denso
617 2280 773 2354 conferte,
803 2279 922 2344 humide
954 2279 1159 2362 flexuoso-pu-

17 2381 63 2458 tin,
90 2387 172 2450 sicce
209 2387 525 2468 circinetocriepete,
558 2405 576 2447 e
606 2386 670 2449 bosi
692 2392 780 2448 ovete
803 2393 908 2448 tenere
938 2382 1045 2466 pallide
1067 2384 1160 2466 longe

17 2475 257 2568 iili-lenceolete,
281 2489 441 2570 unduiete,
464 2498 551 2554 coste
574 2490 672 2553 velide
695 2492 726 2552 iu
749 2489 905 2570 cuspidem
934 2489 1059 2550 brevem
1088 2507 1159 2572 pro·

17 2591 62 2650 tte:
82 2593 313 2670 pericneetielie
329 2601 443 2674 erecte,
461 2593 723 2677 semireginentie,
741 2599 871 2676 unguste
886 2593 1066 2672 acuminata,
1085 2593 1158 2656 eibi·

18 2691 66 2750 lie.
104 2694 238 2776 cepsuie
267 2698 297 2759 in
327 2696 476 2778 pedicello
498 2699 640 2782 elongato
673 2705 794 2778 erecte,
826 2716 865 2760 er
892 2703 982 2760 oveto
1010 2697 1158 2781 oblongo·

20 2789 129 2877 hince,
159 2801 379 2885 subregntaris
403 2803 450 2868 vel
479 2803 548 2884 pius
579 2803 718 2866 minusue
740 2809 880 2882 ercuute,
910 2801 1026 2878 mollis,
1058 2803 1158 2882 sporis

23 2895 78 2974 pieta
97 2905 216 2968 eviridi
241 2906 426 2986 florescens,
449 2923 542 2970 veoue
560 2907 668 2988 peliide
693 2907 872 2970 iusoescens
888 2913 989 2970 eetete
1005 2905 1154 2967 brunnes-

25 3005 256 3176 ῦὺΡετίειοιιιίἰ
280 3011 391 3074 dentes
415 3013 599 3091 tenuissimi,
621 3013 736 3092 pluries
758 3010 921 3075 convoluti.
967 3007 1066 3089 Bryoi.
1091 3026 1156 3070 eur.

84 3155 89 3166 .
107 3111 176 3174 151.

101 3239 276 3316 tortuosum,
301 3233 439 3298 authoris
462 3237 592 3315 erectis,
619 3235 698 3297 soliis
721 3235 852 3298 seteoeis
875 3233 1043 3297 inermibus
1066 3232 1155 3294 sicci-

95 3341 147 3397 tete
169 3339 485 3422 retorquesoentibus.
524 3341 603 3402 Line.
629 3341 677 3420 Sp.
701 3340 742 3401 Pl.
765 3358 793 3421 p.
814 3336 905 3402 1583.

69 3443 214 3506 ,tortuoso
230 3445 318 3506 Wee.
334 3452 366 3507 et
382 3445 465 3507 Mose
481 3444 512 3508 B.
530 3446 561 3507 Τ.
602 3445 730 3508 Scnwen.
748 3445 847 3527 Suppi.
863 3443 886 3522 1,
908 3461 936 3502 o.
952 3442 990 3504 ic.
1031 3439 1156 3502 &mnne

98 3539 214 3612 Recens.
252 3547 336 3610 Brun
352 3547 452 3630 Bryol.
476 3550 556 3613 univ.
594 3549 639 3610 De
663 3547 772 3612 Noenu.
798 3548 924 3629 Specim.
947 3552 979 3606 et
996 3541 1067 3624 Syll.
1105 3542 1158 3605 Be.

103 3653 127 3706 ti
145 3649 236 3716 Senem
260 3649 363 3733 Bryoi.
389 3670 454 3716 eur.
500 3652 533 3715 0.
556 3653 665 3716 sen.
691 3650 800 3717 Skend.
823 3652 864 3715 Fi.
904 3649 936 3712 C.
955 3646 1070 3710 nitense
1087 3645 1159 3725 Syn.

104 3747 180 3814 Wue
201 3755 304 3838 Bryoi.
328 3755 401 3820 Brit

79 3863 154 3933 stabit.
174 3876 207 3938 ed
229 3895 324 3960 mpes
347 3876 439 3940 humo
461 3877 597 3941 obtectos
620 3886 652 3941 et
674 3879 711 3942 ed
743 3885 856 3942 terrem
887 3879 1045 3956 petrosem
1070 3889 1161 3951 pree-

72 3965 254 4044 'ttoeioereem
288 3983 319 4044 in
353 3983 485 4065 regione
514 3990 670 4061 montane,
701 3982 857 4064 subalpina
880 3986 912 4042 et
937 3975 1040 4056 elpine
1071 3975 1166 4036 totius

85 4067 207 4164 Europae,
228 4103 379 4168 nusquem
405 4087 642 4169 frequentiorem
665 4087 725 4150 vidi
748 4105 835 4168 quem
859 4085 889 4145 in
906 4077 1033 4144 iuressi
1056 4075 1167 4138 munti-

80 4179 145 4254 stum
163 4189 337 4254 conmilibue
360 4189 511 4254 umbrosis
542 4193 592 4254 ubi
624 4193 808 4274 procerrimo
832 4186 955 4270 magnis
981 4177 1171 4260 oeespitibus

94 4275 127 4342 i⁸·
150 4291 225 4354 sociis
246 4297 385 4378 Leptotr.
408 4295 581 4374 fleciouuii,
612 4297 788 4376 Enculypte
808 4297 1060 4374 ttreptocorpc,
1083 4281 1172 4342 Bar-

90 4379 111 4438 ³⁴'
123 4385 216 4477 Oeneus,
231 4419 322 4485 rupes
340 4409 515 4483 terremque
529 4409 681 4484 petrosum
698 4399 824 4482 obtegit,
842 4399 872 4460 in
890 4381 1177 4462 Wurteminorssine

84 4481 138 4546 “bii
154 4495 239 4565 &ete
259 4508 321 4587 Atp
344 4523 439 4587 prope
466 4505 568 4570 Urecir
590 4503 714 4587 pulchre
738 4501 979 4565 fructificentem
1007 4490 1082 4572 legi,
1104 4497 1179 4544 ‘⁸¹⁴⁰
