3080 5370
381 329 444 392 bib
883 330 1077 384 Grimmlaccse.

511 509 569 590 pila
584 507 719 569 siccitate
743 505 955 568 incumbentia.
987 505 1116 586 Capsula
1133 505 1240 585 minor,
1265 503 1447 588 subgloboaa,
1463 503 1522 570 nisu*

515 610 630 674 sulcata
654 606 934 692 rulo-iermginea3
957 609 1125 690 peristomii
1148 607 1256 672 denus
1281 609 1418 670 minores.

469 734 573 798 liubit.
596 731 634 794 ad
658 749 730 794 saxa
753 731 892 794 arenaria
914 737 945 794 et
967 733 1112 814 manitica
1135 732 1272 815 regionis
1294 730 1459 812 campestris
1477 745 1522 788 nos

381 849 469 904 tosae
491 845 582 918 atque
604 853 671 920 reg.
695 843 875 916 montanae,
909 840 940 898 in
963 853 1041 900 sona
1065 835 1244 900 intermedia
1267 836 1367 900 rarius
1390 833 1503 896 baculu

384 943 462 1006 Satis
485 941 653 1005 eommunis
677 941 708 1002 in
731 941 854 1021 Vogeso
878 940 1023 1003 inferiore
1048 959 1218 1020 arenaoeo,
1246 941 1347 1002 rarior
1369 941 1396 1000 in
1417 939 1504 1018 superi·

383 1045 551 1130 granitieo;
573 1062 636 1107 var.
659 1047 689 1120 β.
713 1043 920 1126 vulgatissimo
943 1061 999 1125 per
1015 1045 1153 1107 Sueoiam
1175 1045 1226 1106 ubi
1249 1045 1345 1106 multo
1367 1043 1515 1124 copiosiore

384 1169 472 1232 quam
497 1151 548 1214 Gr.
569 1149 749 1232 poleinoto3
779 1165 841 1208 aar.
864 1173 890 1228 y.
921 1148 951 1209 in
983 1149 1103 1230 Europa
1126 1148 1314 1212 meridionali
1344 1145 1523 1240 peninsulam

384 1255 522 1333 insulari,
546 1253 670 1334 copiose
694 1260 726 1314 et
748 1252 950 1334 pulcherrime
973 1254 1075 1316 iuveni
1096 1256 1127 1317 in
1151 1254 1277 1318 collibus
1300 1253 1467 1316 siccissimis
1484 1243 1523 1324 inti

383 1357 544 1422 Grauatum
562 1363 593 1418 et
603 1357 710 1439 jugum
726 1357 837 1420 Sicano
851 1357 993 1437 Neuodo,
1017 1377 1075 1420 neo
1090 1375 1150 1420 non
1173 1359 1203 1420 in
1219 1358 1301 1420 saxis
1317 1357 1461 1440 graniticis
1475 1325 1523 1435 poi

383 1461 599 1526 monasterium
624 1461 781 1538 Ercoriol,
804 1468 888 1524 retro
909 1478 1020 1544 pagum
1044 1479 1138 1544 prope
1161 1461 1299 1540 rivulum,
1325 1463 1356 1524 in
1381 1459 1492 1522 Sardinia

383 1567 514 1644 Mnus,
541 1565 583 1626 Da
612 1563 739 1628 Nemnis
763 1582 791 1626 e.
815 1583 840 1628 a.
864 1565 1016 1647 legerunt,
1039 1584 1078 1626 ex
1100 1565 1223 1648 :ilgerio
1245 1566 1283 1628 cl.
1308 1566 1417 1628 Doaaso
1438 1563 1514 1626 retuli

471 1671 574 1732 Froet.
597 1665 707 1733 matur.
731 1669 855 1731 ineunte
877 1675 1006 1748 aestate,
1030 1670 1061 1731 in
1086 1671 1194 1732 suecia
1218 1677 1391 1733 auctumno.

452 1791 544 1844 Didert
561 1793 639 1842 aiis.
659 1790 803 1858 pulvim
821 1791 985 1858 vegetatione
1002 1791 1086 1844 miuus
1104 1791 1258 1860 regulariter
1277 1791 1418 1860 pulvinata,
1436 1791 1486 1842 baad

385 1877 461 1946 plane
480 1879 634 1944 caespitosa,
653 1875 743 1928 colore
760 1876 830 1929 laete
850 1877 892 1928 vel
911 1894 926 1928 e
945 1877 1016 1930 luteo
1034 1880 1119 1945 viridi,
1140 1879 1209 1930 loliis
1231 1878 1283 1946 pilo
1302 1879 1423 1931 breviore
1440 1881 1478 1928 'aaa

342 2026 355 2044 .
384 1965 489 2032 capsula
508 1965 675 2032 leptuderma,
694 1964 789 2031 pallide
809 1965 891 2030 lusca,
909 1965 1034 2032 operculo
1052 1965 1142 2030 rubr03
1162 1966 1240 2018 lorma
1259 1967 1344 2032 major
1361 1967 1494 2034 propinent

383 2054 523 2106 Scbsltnii
540 2053 654 2119 accedit3
674 2067 727 2104 sar.
747 2053 775 2114 tl.
794 2068 898 2119 semper-
915 2053 1037 2104 ditissime
1057 2053 1215 2106 tructiierann
1229 2053 1297 2120 aidi3
1320 2069 1376 2106 var.
1394 2069 1420 2120 p.
1438 2051 1492 2120 pul'

383 2141 470 2192 densis
489 2139 566 2194 valde
584 2141 716 2206 convexis,
735 2139 810 2192 caule
824 2140 905 2206 magia
918 2139 996 2207 clato,
1016 2140 1198 2210 sesquiunciali
1217 2149 1243 2192 et
1262 2139 1388 2193 biuuciali
1404 2141 1495 2199 diuum

384 2221 513 2280 caeterum
526 2229 574 2280 reti
587 2229 667 2296 magis
678 2227 783 2278 sinuoso
795 2227 944 2294 praeprimis
962 2228 988 2278 in
1001 2228 1085 2279 media
1097 2227 1151 2279 basi
1164 2226 1207 2278 ubi
1226 2229 1252 2279 in
1267 2229 1350 2280 lornaa
1369 2230 1449 2296 typica
1460 2243 1504 2290 auu

384 2325 433 2382 cst,
450 2314 557 2383 capsula
573 2315 728 2382 rotundiora,
747 2313 868 2366 solidiore
879 2315 1023 2386 *saturatiua
1040 2315 1129 2377 tincta,
1148 2313 1266 2367 dentibus
1284 2315 1447 2368 solidioribus
1462 2313 1522 2364 itinn

772 2453 817 2521 ιι.
849 2453 990 2522 onaan
1011 2418 1186 2522 ιιιιιιιιιι.

763 2575 805 2628 Gr.
824 2577 930 2630 incurva
949 2577 1089 2640 (Scaurum)
1108 2577 1203 2630 flaura.

388 2779 522 2836 saturato
537 2773 653 2836 virides
675 2776 795 2840 inlerne
811 2778 1008 2861 nigricantes.
1047 2779 1148 2842 Cauiis
1170 2781 1345 2863 elongatae,
1371 2777 1508 2862 procumbo

386 2880 720 2959 arcuato-ascendens,
743 2881 868 2963 rigidus.
913 2881 995 2946 Folia
1018 2883 1347 2966 elongato-lanceolata
1370 2883 1504 2965 superiora

386 2981 475 3062 pilum
499 2980 677 3062 perbrevem
700 2984 876 3048 sublaevem
892 2987 1045 3066 exeuntia,
1069 2988 1134 3051 basi
1149 2988 1430 3052 catinulo-concava
1444 3003 1503 3060 ιιιι,

386 3084 451 3166 plus
487 3086 584 3148 minus
627 3086 761 3168 reflexo,
803 3092 918 3173 apicem
958 3109 1067 3154 versus
1100 3101 1186 3156 acute
1221 3095 1357 3156 murrata
1386 3091 1486 3172 margin

385 3195 556 3250 extrorsum
578 3198 711 3271 sumata,
735 3191 853 3257 humida
884 3195 980 3275 patula
1003 3214 1020 3258 e
1044 3196 1145 3259 medio
1166 3215 1286 3258 sursum
1308 3199 1469 3280 vergentia.
1487 3173 1526 3258 tii

386 3291 451 3354 laxe
473 3291 684 3374 incumbentia,
701 3296 893 3376 subincurva,
910 3299 1021 3362 areolis
1038 3300 1217 3364 basilaribus
1233 3301 1425 3364 brevioribus
1439 3301 1526 3360 sinuo·

385 3396 588 3478 rectangulis,
612 3397 676 3462 sola
705 3399 803 3462 inlima
838 3400 904 3464 basi
938 3403 1135 3485 longioribus.
1180 3403 1376 3488 Archegonia
1408 3393 1526 3482 longao!

386 3499 611 3580 aparapiysan.
656 3501 762 3566 Flores
786 3506 909 3568 masculi
933 3513 964 3568 et
987 3507 1102 3568 tructus
1126 3507 1229 3590 ignoti.

387 3621 439 3682 Gr.
463 3622 594 3686 ιἰιοιιιυιι
617 3623 808 3700 (sansana.)
833 3626 865 3688 C.
881 3627 1018 3690 llxnraas
1043 3627 1153 3692 Skand.
1178 3629 1218 3694 Fl
1242 3628 1289 3690 ed.
1314 3627 1349 3709 d,
1373 3627 1477 3711 pilli.

473 3742 574 3806 liubit.
606 3743 643 3806 ad
676 3763 749 3809 saxa
781 3765 928 3828 poenosa
962 3749 1104 3812 umbrosa
1136 3769 1191 3832 per
1222 3751 1377 3834 lingosum
1404 3751 1526 3828 spitus·

387 3847 564 3929 praeprimis
588 3851 796 3929 superiorem,
828 3855 917 3914 etiam
949 3856 978 3915 in
1001 3853 1136 3916 lielvetia
1165 3855 1409 3937 propellendi
1434 3851 1464 3914 ad
1487 3851 1526 3906 ld!

389 3951 585 4015 meridionale
603 3973 640 4015 m.
657 3954 777 4032 Soleus,
796 3955 846 4018 ubi
863 3958 892 4018 in
916 3957 1043 4020 molibus
1059 3960 1216 4041 granitiois
1239 3960 1381 4022 erraticis
1402 3957 1452 4020 sut
1466 3951 1526 4014 unio

387 4055 563 4120 Gulussae
584 4075 694 4120 saeue
716 4059 840 4141 copiose
862 4060 940 4140 vidi,
969 4063 1000 4124 in
1025 4063 1132 4126 Sueeia
1154 4063 1369 4146 copiosissime
1392 4079 1473 4144 propr
1491 4051 1526 4114 lii

383 4159 470 4222 miam
493 4167 583 4242 atque
605 4161 752 4243 Upsaliam
775 4165 922 4244 provenit.

455 4281 504 4332 Gr.
524 4283 721 4350 tricluplyllse
739 4285 852 4352 proxima
876 4287 922 4337 sed
940 4287 1035 4356 major,
1058 4289 1178 4356 rigidior,
1204 4289 1281 4358 longe
1301 4289 1404 4358 lateque
1420 4288 1526 4346 W*

386 4365 455 4420 loliis
472 4366 637 4422 solidioribus
664 4370 717 4436 pilo
735 4373 778 4424 nix
802 4375 942 4442 conspicuo
966 4375 1110 4442 instructis,
1134 4379 1216 4430 creti
1240 4379 1360 4432 densiore
1379 4375 1429 4430 basa
1450 4371 1526 4422 W*

385 4451 461 4506 ualde
479 4455 584 4510 sinuoso
603 4459 759 4524 conpositis.

474 2668 630 2750 Caespites
654 2674 795 2751 extensi,
827 2674 903 2750 laxi,
926 2673 1235 2754 uiridi-latescentes,
1264 2676 1342 2738 locis
1366 2669 1526 3165 bunio]
