3144 5366
535 385 697 457 llypaaeese.
1143 385 1212 455 :im
1269 427 1273 440 .

26 555 98 638 llyp.
121 559 319 622 momillotam
342 558 420 622 Fusa
442 560 474 624 in
497 559 601 627 scbed.
624 568 655 625 et
676 560 771 648 Rauca
794 563 874 628 olim.
911 620 914 629 .
1028 620 1060 634 ,,
1105 606 1110 621 ·

103 679 206 747 liubit
235 679 272 744 ad
301 697 394 764 rupes
425 682 562 768 regionis
591 684 753 766 sylvaticae
784 685 904 768 Alpium
938 687 1154 754 belvetiearum
1184 696 1215 753 et

25 783 272 868 germanicarum,
307 787 372 850 suis
403 787 478 851 locis
515 789 726 871 copiosissime
757 791 920 874 praecipua
941 793 973 855 in
996 806 1072 856 saxo
1093 793 1213 858 siliceo·

25 889 155 953 calcareo
177 890 229 954 ubi
259 890 340 974 llpp.
363 887 485 955 saum
504 892 688 974 associatur,
722 893 812 958 deest
844 895 875 958 in
909 895 1060 960 montibus
1090 897 1213 961 omnino

23 995 180 1076 calcareis,
203 995 323 1077 parcius
345 997 485 1080 provenit
507 999 538 1062 in
561 999 668 1082 alpinis
693 997 932 1092 scandinavicis,
968 999 1160 1079 desideratur
1182 1003 1213 1066 in

21 1099 199 1166 britannicis.
244 1095 277 1163 ln
307 1104 437 1185 regione
468 1101 565 1184 alpina
603 1103 728 1168 densius
767 1087 1213 1190 subpulvinatcssoaespitosupr

21 1207 164 1288 reperitur
186 1207 347 1288 rariusque
372 1205 563 1274 lrootiboaus.
608 1209 694 1281 Haud
717 1227 788 1274 raro
810 1211 842 1274 in
858 1213 999 1276 Anaetica
1021 1219 1098 1295 sept
1114 1212 1212 1276 Daca

20 1328 90 1374 aone
111 1312 196 1395 legit.
658 1315 681 1326 ”

97 1409 204 1480 Faoot.
227 1425 339 1480 motor.
363 1417 401 1481 ad
422 1415 549 1482 aestatis
572 1417 673 1482 linem.

81 1539 171 1593 variat
189 1537 258 1592 loliis
275 1539 371 1592 arctius
389 1537 530 1592 imbricatis
546 1537 625 1608 pa'ulo
642 1533 775 1594 latioribus
795 1539 876 1595 laxius
894 1520 972 1596 textis
996 1543 1080 1597 minus
1098 1541 1210 1598 ialceto·

20 1627 135 1692 momnis,
153 1628 221 1680 aude
239 1626 331 1680 maroli
350 1629 492 1683 crassiores
504 1628 779 1699 adsumptumque
797 1629 988 1684 similitudinem
1007 1633 1133 1702 quodam
1151 1649 1209 1688 cara

20 1715 186 1782 succedente
204 1717 368 1772 nuolacitur.
406 1716 560 1772 lamentam
583 1716 650 1770 banc
675 1717 702 1770 in
719 1716 813 1786 alpinis
832 1717 865 1770 ad
882 1718 1001 1775 arborem
1023 1719 1140 1788 radiosa,
1168 1737 1209 1777 ea.

19 1819 52 1870 gr.
69 1804 93 1856 ia
111 1819 172 1856 mre.
188 1803 305 1877 Spelpga
329 1813 356 1856 at
381 1803 476 1858 nbula
498 1805 530 1859 ad
553 1803 672 1872 Larisos,
700 1805 853 1860 densissima
871 1806 1209 1876 pulvinata-caespitautem

18 1891 157 1944 obsonari.
193 1891 363 1962 Distinguitur
384 1893 465 1960 primo
490 1894 583 1946 intuitu
608 1892 641 1945 ab
661 1893 693 1946 Η.
714 1893 811 1962 reptili
833 1895 957 1964 operculo
980 1895 1115 1950 mamillari
1141 1895 1209 1948 baud

18 1979 154 2036 restaliato.

79 2065 118 2120 Cl.
138 2065 242 2120 blmuan
259 2065 372 2134 plantam
391 2077 502 2121 nostram
521 2067 587 2123 ialae
604 2065 715 2121 dloioarn
732 2067 803 2122 tiata.

392 2259 441 2329 tt.
471 2261 603 2343 lippar-
626 2259 821 2328 runnu.
849 2292 854 2302 .

434 2399 481 2454 an.
501 2409 528 2453 et
546 2399 601 2452 Sea.
620 2397 710 2469 Bryol.
729 2416 783 2454 eur.
893 2397 895 2407 '

95 2522 208 2586 Laxius
231 2515 395 2586 densiusve
418 2525 600 2608 caespitans,
622 2523 747 2607 pulobra
770 2524 936 2589 luteseens.
974 2510 1078 2586 Caulis¹
1098 2498 1207 2589 ascen·

18 2625 85 2689 dens
108 2629 140 2692 in
164 2627 297 2709 caespite
320 2627 465 2692 densiora
489 2630 686 2710 suberectus,
722 2629 839 2708 tenuis,
872 2627 1002 2712 fragilis,
1025 2628 1207 2714 regulariter

19 2731 331 2813 pinnato-ramulosus,
348 2751 439 2818 parce
454 2733 601 2820 radiosus.
633 2732 715 2797 Folia
731 2731 889 2814 eleganter
900 2718 1207 2796 banalem-secanda

19 2844 43 2898 at
62 2836 339 2919 arcuato-incurva,
362 2857 401 2902 ex
422 2846 510 2902 ovata
532 2839 597 2901 basi
619 2838 735 2900 sensim
758 2844 887 2920 anguste
910 2835 1097 2916 lanceolata,
1121 2833 1206 2900 costa

19 2942 135 3024 gemella
161 2941 395 3021 obsoletissima,
420 2939 487 3006 solo
510 2958 627 3006 summo
651 2941 735 3024 apice
759 2924 918 3022 serrulata,
942 2940 1000 3004 reti
1022 2938 1059 3004 ad
1078 2939 1205 3024 angrdos

21 3043 156 3110 basilares
179 3045 231 3110 rin
253 3043 381 3111 dilatato.
425 3046 531 3110 Floras
561 3045 689 3110 masculi
716 3045 837 3108 minimi.
882 3043 1025 3107 Romulus
1048 3040 1204 3128 periebae·

19 3149 84 3214 tialis
106 3150 187 3216 baud
209 3149 360 3232 radicans,
382 3149 598 3233 periebaetium
621 3168 736 3233 gerens
761 3148 955 3213 mediocriter
973 3147 1108 3233 longum,
1131 3147 1202 3212 sub-

18 3256 255 3338 squarrosulum,
291 3255 369 3319 loliis
399 3255 531 3319 internis
563 3256 686 3319 sulcatis
717 3256 870 3318 ecostatis.
916 3252 1044 3336 Capsula'
1065 3253 1203 3318 incurvo

18 3379 121 3426 cernua
144 3367 176 3424 et
197 3358 466 3442 subborizontalis,
500 3356 842 3445 oblongo-cylindrica‚
874 3358 1018 3441 operculo
1050 3358 1204 3422 mamillari

17 3463 128 3548 longius
160 3463 326 3548 apiculato,
364 3465 475 3528 annulo
510 3483 527 3528 e
561 3463 669 3548 duplici
702 3463 783 3526 serie
822 3463 997 3526 cellularum
1036 3459 1203 3526 efformata.

18 3567 220 3633 Peristemium
242 3568 465 3652 praecedentis,
489 3567 578 3652 paulo
601 3571 699 3634 minus
722 3575 753 3632 et
768 3569 915 3632 tenerius.
954 3567 1055 3650 amet.
1072 3584 1136 3632 eur.
1154 3563 1201 3647 Vl,

18 3671 170 3738 lanato.
1129 3741 1144 3780 ι

17 3793 89 3878 llpp.
112 3796 350 3880 caprmmsemne
371 3815 439 3861 eor.
463 3822 492 3875 μ.
517 3796 771 3877 cmspntiasimarn
792 3792 888 3858 Bnucs
910 3794 941 3858 in
957 3793 1049 3860 Plant
1073 3811 1200 3879 norreg.

138 3899 243 3969 unuu
263 3901 365 3967 itiner.
392 3899 484 3966 1828.
1096 3972 1102 3998 ,

96 4021 198 4088 llobit.
220 4023 253 4088 in
274 4023 402 4110 regiam
425 4023 523 4105 alpina
555 4039 652 4088 sonae
680 4021 879 4115 intermediae
906 4028 997 4122 atque
1019 4021 1201 4105 septentrio

17 4125 102 4208 nelis,
132 4126 170 4194 ad
190 4145 285 4211 rupes
307 4127 460 4207 humidas,
492 4129 523 4190 in
545 4127 714 4213 Norsegiae
746 4127 823 4211 Alpe
846 4128 1029 4209 Daorap'eld
1049 4127 1101 4192 ubi
1123 4125 1201 4201 baud

18 4247 120 4312 rarum,
142 4233 173 4296 in
197 4234 324 4299 &acue
348 4232 425 4316 Alpe
447 4231 650 4314 sauatopan
672 4233 754 4301 unde
782 4231 817 4296 ll.
841 4240 873 4299 et
894 4233 928 4298 ll.
950 4231 1087 4299 ummo
1109 4232 1200 4298 mise·

18 4343 92 4416 runt,
113 4337 143 4400 in
165 4337 298 4421 Laponia
321 4338 431 4420 pitensi
452 4338 490 4404 ol
511 4338 656 4402 Lunares
678 4337 767 4422 legit3
791 4339 946 4421 specimen
969 4356 986 4402 a
1009 4337 1047 4404 cl.
1069 4336 1149 4404 rom
1167 4336 1200 4402 ie

19 4455 52 4500 n.
74 4441 214 4506 Poetarao
228 4441 399 4508 Gariatbiaa
414 4442 524 4510 lecturo
540 4459 676 4508 asserva.
705 4443 750 4510 Ea
765 4443 927 4510 Americae
942 4449 1018 4526 sept
1035 4441 1198 4508 Montibus-

20 4549 197 4624 rupeatribus
220 4548 256 4612 ol.
280 4547 441 4614 brunon
463 4547 552 4614 nisit.
