<?xml version="1.0" encoding="UTF-8"?>
<!DOCTYPE html PUBLIC "-//W3C//DTD XHTML 1.0 Transitional//EN"
    "http://www.w3.org/TR/xhtml1/DTD/xhtml1-transitional.dtd">
<html xmlns="http://www.w3.org/1999/xhtml" xml:lang="en" lang="en">
 <head>
  <title>
</title>
<meta http-equiv="Content-Type" content="text/html;charset=utf-8" />
  <meta name='ocr-system' content='tesseract 3.04.00' />
  <meta name='ocr-capabilities' content='ocr_page ocr_carea ocr_par ocr_line ocrx_word'/>
</head>
<body>
  <div class='ocr_page' id='page_1' title='image "./synopsismuscoru01schigoog_0822.png"; bbox 0 0 3144 5366; ppageno 0'>
   <div class='ocr_carea' id='block_1_1' title="bbox 539 401 1214 479">
    <p class='ocr_par' dir='ltr' id='par_1_1' title="bbox 539 401 1214 479">
     <span class='ocr_line' id='line_1_1' title="bbox 539 401 1214 479; baseline 0 -15"><span class='ocrx_word' id='word_1_1' title='bbox 539 411 702 479; x_wconf 74' lang='lat' dir='ltr'><strong>llypnaceae.</strong></span> <span class='ocrx_word' id='word_1_2' title='bbox 1153 401 1214 464; x_wconf 75' lang='lat' dir='ltr'><strong>ttl</strong></span> 
     </span>
    </p>
   </div>
   <div class='ocr_carea' id='block_1_2' title="bbox 26 583 1216 1207">
    <p class='ocr_par' dir='ltr' id='par_1_2' title="bbox 29 583 1215 668">
     <span class='ocr_line' id='line_1_2' title="bbox 29 583 1215 668; baseline 0 -23"><span class='ocrx_word' id='word_1_3' title='bbox 29 585 214 668; x_wconf 74' lang='lat' dir='ltr'><strong>sublonga,</strong></span> <span class='ocrx_word' id='word_1_4' title='bbox 238 583 403 667; x_wconf 85' lang='lat' dir='ltr'><strong>subpilosa.</strong></span> <span class='ocrx_word' id='word_1_5' title='bbox 448 585 576 668; x_wconf 75' lang='lat' dir='ltr'><strong>capsula</strong></span> <span class='ocrx_word' id='word_1_6' title='bbox 600 587 862 648; x_wconf 83' lang='lat' dir='ltr'><strong>incurvo-cernua·</strong></span> <span class='ocrx_word' id='word_1_7' title='bbox 876 583 1055 666; x_wconf 81' lang='lat' dir='ltr'><strong>oblongaet</strong></span> <span class='ocrx_word' id='word_1_8' title='bbox 1069 583 1215 668; x_wconf 83' lang='lat' dir='ltr'><strong>oblongo·</strong></span> 
     </span>
    </p>

    <p class='ocr_par' dir='ltr' id='par_1_3' title="bbox 29 687 1216 770">
     <span class='ocr_line' id='line_1_3' title="bbox 29 687 1216 770; baseline 0.003 -21"><span class='ocrx_word' id='word_1_9' title='bbox 29 689 214 769; x_wconf 72' lang='lat' dir='ltr'><strong>cylindraceo</strong></span> <span class='ocrx_word' id='word_1_10' title='bbox 236 689 427 770; x_wconf 88' lang='lat' dir='ltr'><strong>subarcuatu,</strong></span> <span class='ocrx_word' id='word_1_11' title='bbox 451 691 532 754; x_wconf 88' lang='lat' dir='ltr'><strong>sicca</strong></span> <span class='ocrx_word' id='word_1_12' title='bbox 556 688 643 752; x_wconf 86' lang='lat' dir='ltr'><strong>valde</strong></span> <span class='ocrx_word' id='word_1_13' title='bbox 667 695 787 752; x_wconf 85' lang='lat' dir='ltr'><strong>arcuata</strong></span> <span class='ocrx_word' id='word_1_14' title='bbox 811 687 925 751; x_wconf 87' lang='lat' dir='ltr'><strong>sulcata</strong></span> <span class='ocrx_word' id='word_1_15' title='bbox 949 689 1007 752; x_wconf 88' lang='lat' dir='ltr'><strong>sub</strong></span> <span class='ocrx_word' id='word_1_16' title='bbox 1023 706 1079 752; x_wconf 91' lang='lat' dir='ltr'><strong>ore</strong></span> <span class='ocrx_word' id='word_1_17' title='bbox 1094 687 1216 753; x_wconf 87' lang='lat' dir='ltr'><strong>dilatato</strong></span> 
     </span>
    </p>

    <p class='ocr_par' dir='ltr' id='par_1_4' title="bbox 26 791 1216 876">
     <span class='ocr_line' id='line_1_4' title="bbox 26 791 1216 876; baseline 0 -20"><span class='ocrx_word' id='word_1_18' title='bbox 26 794 198 876; x_wconf 87' lang='lat' dir='ltr'><strong>constricta,</strong></span> <span class='ocrx_word' id='word_1_19' title='bbox 223 795 368 876; x_wconf 84' lang='lat' dir='ltr'><strong>operculo</strong></span> <span class='ocrx_word' id='word_1_20' title='bbox 390 793 667 873; x_wconf 83' lang='lat' dir='ltr'><strong>convexo-conice,</strong></span> <span class='ocrx_word' id='word_1_21' title='bbox 698 791 809 858; x_wconf 87' lang='lat' dir='ltr'><strong>annulo</strong></span> <span class='ocrx_word' id='word_1_22' title='bbox 831 791 957 874; x_wconf 86' lang='lat' dir='ltr'><strong>perlato.</strong></span> <span class='ocrx_word' id='word_1_23' title='bbox 1003 793 1216 856; x_wconf 85' lang='lat' dir='ltr'><strong>Peristomium</strong></span> 
     </span>
    </p>

    <p class='ocr_par' dir='ltr' id='par_1_5' title="bbox 26 895 647 999">
     <span class='ocr_line' id='line_1_5' title="bbox 26 895 647 999; baseline 0.002 -39"><span class='ocrx_word' id='word_1_24' title='bbox 26 899 152 980; x_wconf 88' lang='lat' dir='ltr'><strong>generis.</strong></span> <span class='ocrx_word' id='word_1_25' title='bbox 196 897 298 981; x_wconf 76' lang='lat' dir='ltr'><strong>llryol.</strong></span> <span class='ocrx_word' id='word_1_26' title='bbox 322 915 389 999; x_wconf 64' lang='lat' dir='ltr'><strong>eur.</strong></span> <span class='ocrx_word' id='word_1_27' title='bbox 413 897 461 980; x_wconf 85' lang='lat' dir='ltr'><strong>til,</strong></span> <span class='ocrx_word' id='word_1_28' title='bbox 486 897 558 964; x_wconf 81' lang='lat' dir='ltr'><strong>l&#39;sb.</strong></span> <span class='ocrx_word' id='word_1_29' title='bbox 573 895 647 963; x_wconf 83' lang='lat'><strong>612.</strong></span> 
     </span>
    </p>

    <p class='ocr_par' dir='ltr' id='par_1_6' title="bbox 26 1017 1214 1207">
     <span class='ocr_line' id='line_1_6' title="bbox 26 1017 1214 1106; baseline -0.001 -23"><span class='ocrx_word' id='word_1_30' title='bbox 26 1021 96 1102; x_wconf 82' lang='lat' dir='ltr'><strong>llpp.</strong></span> <span class='ocrx_word' id='word_1_31' title='bbox 117 1022 330 1104; x_wconf 76' lang='lat' dir='ltr'><strong>scorpioides,</strong></span> <span class='ocrx_word' id='word_1_32' title='bbox 368 1019 520 1104; x_wconf 83' lang='lat' dir='ltr'><strong>palustre,</strong></span> <span class='ocrx_word' id='word_1_33' title='bbox 558 1038 716 1106; x_wconf 88' lang='lat' dir='ltr'><strong>magnum,</strong></span> <span class='ocrx_word' id='word_1_34' title='bbox 748 1017 913 1103; x_wconf 69' lang='lat' dir='ltr'><strong>Lycopodli</strong></span> <span class='ocrx_word' id='word_1_35' title='bbox 937 1021 1044 1101; x_wconf 66' lang='lat' dir='ltr'><strong>{instar</strong></span> <span class='ocrx_word' id='word_1_36' title='bbox 1076 1035 1214 1103; x_wconf 83' lang='lat' dir='ltr'><strong>sparsum</strong></span> 
     </span>
     <span class='ocr_line' id='line_1_7' title="bbox 147 1121 831 1207; baseline -0.001 -19"><span class='ocrx_word' id='word_1_37' title='bbox 147 1125 225 1190; x_wconf 75' lang='lat' dir='ltr'><strong>Danu</strong></span> <span class='ocrx_word' id='word_1_38' title='bbox 247 1124 321 1190; x_wconf 84' lang='lat' dir='ltr'><strong>illst.</strong></span> <span class='ocrx_word' id='word_1_39' title='bbox 346 1123 441 1189; x_wconf 79' lang='lat' dir='ltr'><strong>Mose.</strong></span> <span class='ocrx_word' id='word_1_40' title='bbox 463 1144 492 1207; x_wconf 87' lang='lat' dir='ltr'><strong>p.</strong></span> <span class='ocrx_word' id='word_1_41' title='bbox 516 1121 591 1205; x_wconf 87' lang='lat'><strong>290,</strong></span> <span class='ocrx_word' id='word_1_42' title='bbox 615 1133 635 1190; x_wconf 91' lang='lat' dir='ltr'><strong>t.</strong></span> <span class='ocrx_word' id='word_1_43' title='bbox 660 1123 712 1204; x_wconf 78' lang='lat'><strong>37,</strong></span> <span class='ocrx_word' id='word_1_44' title='bbox 736 1123 755 1187; x_wconf 88' lang='lat' dir='ltr'><strong>i.</strong></span> <span class='ocrx_word' id='word_1_45' title='bbox 779 1121 831 1188; x_wconf 81' lang='lat'><strong>25.</strong></span> 
     </span>
    </p>
   </div>
   <div class='ocr_carea' id='block_1_3' title="bbox 61 1224 1213 1398">
    <p class='ocr_par' dir='ltr' id='par_1_7' title="bbox 61 1224 1213 1398">
     <span class='ocr_line' id='line_1_8' title="bbox 61 1224 1213 1312; baseline 0.001 -21"><span class='ocrx_word' id='word_1_46' title='bbox 61 1227 141 1292; x_wconf 81' lang='lat' dir='ltr'><strong>Lana.</strong></span> <span class='ocrx_word' id='word_1_47' title='bbox 165 1224 215 1312; x_wconf 88' lang='lat' dir='ltr'><strong>Sp.</strong></span> <span class='ocrx_word' id='word_1_48' title='bbox 240 1228 333 1292; x_wconf 90' lang='lat' dir='ltr'><strong>Plant.</strong></span> <span class='ocrx_word' id='word_1_49' title='bbox 378 1229 479 1295; x_wconf 81' lang='lat' dir='ltr'><strong>Hsnw.</strong></span> <span class='ocrx_word' id='word_1_50' title='bbox 503 1229 553 1312; x_wconf 89' lang='lat' dir='ltr'><strong>Sp.</strong></span> <span class='ocrx_word' id='word_1_51' title='bbox 578 1229 671 1293; x_wconf 90' lang='lat' dir='ltr'><strong>llusc.</strong></span> <span class='ocrx_word' id='word_1_52' title='bbox 715 1228 795 1294; x_wconf 86' lang='lat' dir='ltr'><strong>Bum.</strong></span> <span class='ocrx_word' id='word_1_53' title='bbox 818 1229 918 1312; x_wconf 77' lang='lat' dir='ltr'><strong>Brpol.</strong></span> <span class='ocrx_word' id='word_1_54' title='bbox 942 1229 1022 1292; x_wconf 86' lang='lat' dir='ltr'><strong>univ.</strong></span> <span class='ocrx_word' id='word_1_55' title='bbox 1052 1235 1084 1292; x_wconf 92' lang='lat' dir='ltr'><strong>et</strong></span> <span class='ocrx_word' id='word_1_56' title='bbox 1106 1243 1213 1292; x_wconf 89' lang='lat' dir='ltr'><strong>omnes</strong></span> 
     </span>
     <span class='ocr_line' id='line_1_9' title="bbox 145 1333 347 1398; baseline 0 -1"><span class='ocrx_word' id='word_1_57' title='bbox 145 1333 347 1398; x_wconf 78' lang='lat' dir='ltr'><strong>recentiores,</strong></span> 
     </span>
    </p>
   </div>
   <div class='ocr_carea' id='block_1_4' title="bbox 102 1453 1211 1544">
    <p class='ocr_par' dir='ltr' id='par_1_8' title="bbox 102 1453 1211 1544">
     <span class='ocr_line' id='line_1_10' title="bbox 102 1453 1211 1544; baseline -0.001 -25"><span class='ocrx_word' id='word_1_58' title='bbox 102 1455 208 1520; x_wconf 71' lang='lat' dir='ltr'><strong>tratti.</strong></span> <span class='ocrx_word' id='word_1_59' title='bbox 232 1455 262 1518; x_wconf 93' lang='lat' dir='ltr'><strong>in</strong></span> <span class='ocrx_word' id='word_1_60' title='bbox 285 1456 430 1520; x_wconf 87' lang='lat' dir='ltr'><strong>turiaceis</strong></span> <span class='ocrx_word' id='word_1_61' title='bbox 461 1455 622 1540; x_wconf 79' lang='lat' dir='ltr'><strong>uliginosis</strong></span> <span class='ocrx_word' id='word_1_62' title='bbox 656 1472 673 1517; x_wconf 90' lang='lat' dir='ltr'><strong>e</strong></span> <span class='ocrx_word' id='word_1_63' title='bbox 707 1455 829 1544; x_wconf 84' lang='lat' dir='ltr'><strong>planitie</strong></span> <span class='ocrx_word' id='word_1_64' title='bbox 862 1470 960 1536; x_wconf 88' lang='lat' dir='ltr'><strong>usque</strong></span> <span class='ocrx_word' id='word_1_65' title='bbox 991 1455 1022 1518; x_wconf 94' lang='lat' dir='ltr'><strong>in</strong></span> <span class='ocrx_word' id='word_1_66' title='bbox 1053 1453 1211 1537; x_wconf 81' lang='lat' dir='ltr'><strong>regionem</strong></span> 
     </span>
    </p>
   </div>
   <div class='ocr_carea' id='block_1_5' title="bbox 23 1557 1345 1642">
    <p class='ocr_par' dir='ltr' id='par_1_9' title="bbox 23 1557 1345 1642">
     <span class='ocr_line' id='line_1_11' title="bbox 23 1557 1345 1642; baseline 0.006 -22"><span class='ocrx_word' id='word_1_67' title='bbox 23 1568 187 1624; x_wconf 88' lang='lat' dir='ltr'><strong>montanam</strong></span> <span class='ocrx_word' id='word_1_68' title='bbox 211 1578 309 1624; x_wconf 86' lang='lat' dir='ltr'><strong>zonae</strong></span> <span class='ocrx_word' id='word_1_69' title='bbox 324 1561 523 1624; x_wconf 80' lang='lat' dir='ltr'><strong>intermediae</strong></span> <span class='ocrx_word' id='word_1_70' title='bbox 539 1567 629 1642; x_wconf 84' lang='lat' dir='ltr'><strong>atque</strong></span> <span class='ocrx_word' id='word_1_71' title='bbox 646 1557 916 1642; x_wconf 65' lang='lat' dir='ltr'><strong>septentrionalis3¹</strong></span> <span class='ocrx_word' id='word_1_72' title='bbox 932 1559 1057 1641; x_wconf 90' lang='lat' dir='ltr'><strong>copiose</strong></span> <span class='ocrx_word' id='word_1_73' title='bbox 1072 1557 1214 1641; x_wconf 82' lang='lat' dir='ltr'><strong>provenit</strong></span> <span class='ocrx_word' id='word_1_74' title='bbox 1339 1615 1345 1628; x_wconf 94' lang='lat'><em>.</em></span> 
     </span>
    </p>
   </div>
   <div class='ocr_carea' id='block_1_6' title="bbox 19 1661 1283 2249">
    <p class='ocr_par' dir='ltr' id='par_1_10' title="bbox 22 1661 1283 1748">
     <span class='ocr_line' id='line_1_12' title="bbox 22 1661 1283 1748; baseline 0.001 -23"><span class='ocrx_word' id='word_1_75' title='bbox 22 1666 47 1725; x_wconf 88' lang='lat' dir='ltr'><strong>in</strong></span> <span class='ocrx_word' id='word_1_76' title='bbox 68 1663 194 1726; x_wconf 89' lang='lat' dir='ltr'><strong>turiosis</strong></span> <span class='ocrx_word' id='word_1_77' title='bbox 219 1681 313 1747; x_wconf 91' lang='lat' dir='ltr'><strong>prope</strong></span> <span class='ocrx_word' id='word_1_78' title='bbox 337 1663 523 1728; x_wconf 86' lang='lat' dir='ltr'><strong>lionaolaium</strong></span> <span class='ocrx_word' id='word_1_79' title='bbox 547 1671 579 1727; x_wconf 92' lang='lat' dir='ltr'><strong>et</strong></span> <span class='ocrx_word' id='word_1_80' title='bbox 602 1663 828 1748; x_wconf 87' lang='lat' dir='ltr'><strong>Salisburgum,</strong></span> <span class='ocrx_word' id='word_1_81' title='bbox 860 1664 960 1727; x_wconf 87' lang='lat' dir='ltr'><strong>rarius</strong></span> <span class='ocrx_word' id='word_1_82' title='bbox 989 1663 1021 1726; x_wconf 92' lang='lat' dir='ltr'><strong>in</strong></span> <span class='ocrx_word' id='word_1_83' title='bbox 1043 1662 1121 1726; x_wconf 86' lang='lat' dir='ltr'><strong>valle</strong></span> <span class='ocrx_word' id='word_1_84' title='bbox 1143 1661 1213 1744; x_wconf 56' lang='lat' dir='ltr'><strong>riae:</strong></span> <span class='ocrx_word' id='word_1_85' title='bbox 1280 1743 1283 1748; x_wconf 15' lang='grc' dir='ltr'>ἱ</span> 
     </span>
    </p>

    <p class='ocr_par' dir='ltr' id='par_1_11' title="bbox 20 1766 1211 1850">
     <span class='ocr_line' id='line_1_13' title="bbox 20 1766 1211 1850; baseline 0.001 -21"><span class='ocrx_word' id='word_1_86' title='bbox 20 1787 101 1848; x_wconf 88' lang='lat' dir='ltr'><strong>nana,</strong></span> <span class='ocrx_word' id='word_1_87' title='bbox 124 1769 174 1832; x_wconf 84' lang='lat' dir='ltr'><strong>laic</strong></span> <span class='ocrx_word' id='word_1_88' title='bbox 197 1767 257 1831; x_wconf 89' lang='lat' dir='ltr'><strong>illio</strong></span> <span class='ocrx_word' id='word_1_89' title='bbox 281 1769 311 1831; x_wconf 93' lang='lat' dir='ltr'><strong>in</strong></span> <span class='ocrx_word' id='word_1_90' title='bbox 334 1767 489 1832; x_wconf 85' lang='lat' dir='ltr'><strong>llelvetioe</strong></span> <span class='ocrx_word' id='word_1_91' title='bbox 512 1766 637 1832; x_wconf 84' lang='lat' dir='ltr'><strong>vallibus</strong></span> <span class='ocrx_word' id='word_1_92' title='bbox 661 1775 692 1832; x_wconf 91' lang='lat' dir='ltr'><strong>et</strong></span> <span class='ocrx_word' id='word_1_93' title='bbox 714 1767 973 1843; x_wconf 78' lang='lat' dir='ltr'><strong>durasssituriois</strong></span> <span class='ocrx_word' id='word_1_94' title='bbox 989 1767 1211 1850; x_wconf 87' lang='lat' dir='ltr'><strong>superioribus,</strong></span> 
     </span>
    </p>

    <p class='ocr_par' dir='ltr' id='par_1_12' title="bbox 19 1869 1212 1956">
     <span class='ocr_line' id='line_1_14' title="bbox 19 1869 1212 1956; baseline 0.003 -24"><span class='ocrx_word' id='word_1_95' title='bbox 19 1891 106 1954; x_wconf 84' lang='lat' dir='ltr'><strong>prope</strong></span> <span class='ocrx_word' id='word_1_96' title='bbox 130 1872 355 1955; x_wconf 81' lang='lat' dir='ltr'><strong>Mortfontoioc</strong></span> <span class='ocrx_word' id='word_1_97' title='bbox 377 1871 499 1956; x_wconf 87' lang='lat' dir='ltr'><strong>ditionis</strong></span> <span class='ocrx_word' id='word_1_98' title='bbox 523 1871 713 1951; x_wconf 87' lang='lat' dir='ltr'><strong>Parisiensis,</strong></span> <span class='ocrx_word' id='word_1_99' title='bbox 736 1891 793 1955; x_wconf 89' lang='lat' dir='ltr'><strong>per</strong></span> <span class='ocrx_word' id='word_1_100' title='bbox 814 1869 1001 1936; x_wconf 86' lang='lat' dir='ltr'><strong>llollandiam</strong></span> <span class='ocrx_word' id='word_1_101' title='bbox 1024 1880 1114 1954; x_wconf 85' lang='lat' dir='ltr'><strong>atque</strong></span> <span class='ocrx_word' id='word_1_102' title='bbox 1137 1871 1212 1936; x_wconf 88' lang='lat' dir='ltr'><strong>Ger·</strong></span> 
     </span>
    </p>

    <p class='ocr_par' dir='ltr' id='par_1_13' title="bbox 21 1975 1209 2060">
     <span class='ocr_line' id='line_1_15' title="bbox 21 1975 1209 2060; baseline 0.003 -22"><span class='ocrx_word' id='word_1_103' title='bbox 21 1979 141 2040; x_wconf 83' lang='lat' dir='ltr'><strong>ananiam</strong></span> <span class='ocrx_word' id='word_1_104' title='bbox 159 1975 440 2058; x_wconf 86' lang='lat' dir='ltr'><strong>septentrionalem,</strong></span> <span class='ocrx_word' id='word_1_105' title='bbox 457 1994 512 2058; x_wconf 90' lang='lat' dir='ltr'><strong>per</strong></span> <span class='ocrx_word' id='word_1_106' title='bbox 527 1976 665 2041; x_wconf 88' lang='lat' dir='ltr'><strong>Sueciam</strong></span> <span class='ocrx_word' id='word_1_107' title='bbox 681 1977 825 2060; x_wconf 85' lang='lat' dir='ltr'><strong>usquein</strong></span> <span class='ocrx_word' id='word_1_108' title='bbox 841 1976 1031 2059; x_wconf 80' lang='lat' dir='ltr'><strong>Lapponium.</strong></span> <span class='ocrx_word' id='word_1_109' title='bbox 1061 1977 1086 2040; x_wconf 81' lang='lat' dir='ltr'><strong>ll</strong></span> <span class='ocrx_word' id='word_1_110' title='bbox 1102 1977 1209 2042; x_wconf 83' lang='lat' dir='ltr'><strong>Terra·</strong></span> 
     </span>
    </p>

    <p class='ocr_par' dir='ltr' id='par_1_14' title="bbox 20 2070 1103 2249">
     <span class='ocr_line' id='line_1_16' title="bbox 20 2070 1103 2162; baseline 0.002 -20"><span class='ocrx_word' id='word_1_111' title='bbox 20 2099 90 2144; x_wconf 85' lang='lat' dir='ltr'><strong>nova</strong></span> <span class='ocrx_word' id='word_1_112' title='bbox 114 2089 144 2144; x_wconf 89' lang='lat' dir='ltr'><strong>et</strong></span> <span class='ocrx_word' id='word_1_113' title='bbox 169 2097 188 2142; x_wconf 88' lang='lat' dir='ltr'><strong>e</strong></span> <span class='ocrx_word' id='word_1_114' title='bbox 212 2079 331 2146; x_wconf 82' lang='lat' dir='ltr'><strong>Canada</strong></span> <span class='ocrx_word' id='word_1_115' title='bbox 354 2080 508 2162; x_wconf 85' lang='lat' dir='ltr'><strong>possideo.</strong></span> <span class='ocrx_word' id='word_1_116' title='bbox 1099 2070 1103 2081; x_wconf 81' lang='grc'><strong>“</strong></span> 
     </span>
     <span class='ocr_line' id='line_1_17' title="bbox 98 2185 790 2249; baseline -0.001 -2"><span class='ocrx_word' id='word_1_117' title='bbox 98 2187 206 2248; x_wconf 78' lang='lat' dir='ltr'><strong>Fruct.</strong></span> <span class='ocrx_word' id='word_1_118' title='bbox 230 2192 342 2247; x_wconf 83' lang='lat' dir='ltr'><strong>mator.</strong></span> <span class='ocrx_word' id='word_1_119' title='bbox 365 2201 440 2246; x_wconf 86' lang='lat' dir='ltr'><strong>aere</strong></span> <span class='ocrx_word' id='word_1_120' title='bbox 463 2191 496 2248; x_wconf 90' lang='lat' dir='ltr'><strong>et</strong></span> <span class='ocrx_word' id='word_1_121' title='bbox 516 2185 641 2249; x_wconf 87' lang='lat' dir='ltr'><strong>ineunte</strong></span> <span class='ocrx_word' id='word_1_122' title='bbox 664 2191 790 2249; x_wconf 86' lang='lat' dir='ltr'><strong>aestate.</strong></span> 
     </span>
    </p>
   </div>
   <div class='ocr_carea' id='block_1_7' title="bbox 17 2295 1273 2900">
    <p class='ocr_par' dir='ltr' id='par_1_15' title="bbox 17 2295 1273 2621">
     <span class='ocr_line' id='line_1_18' title="bbox 79 2295 1211 2377; baseline 0.002 -19"><span class='ocrx_word' id='word_1_123' title='bbox 79 2295 173 2360; x_wconf 69' lang='lat' dir='ltr'><strong>D&#39;idcrt</strong></span> <span class='ocrx_word' id='word_1_124' title='bbox 191 2303 224 2358; x_wconf 85' lang='lat' dir='ltr'><strong>sb</strong></span> <span class='ocrx_word' id='word_1_125' title='bbox 244 2305 276 2357; x_wconf 81' lang='lat' dir='ltr'><strong>lt.</strong></span> <span class='ocrx_word' id='word_1_126' title='bbox 296 2305 459 2374; x_wconf 79' lang='lat' dir='ltr'><strong>scorpioidc,</strong></span> <span class='ocrx_word' id='word_1_127' title='bbox 478 2323 535 2359; x_wconf 89' lang='lat' dir='ltr'><strong>cum</strong></span> <span class='ocrx_word' id='word_1_128' title='bbox 555 2323 606 2377; x_wconf 91' lang='lat' dir='ltr'><strong>quo</strong></span> <span class='ocrx_word' id='word_1_129' title='bbox 625 2308 717 2360; x_wconf 87' lang='lat' dir='ltr'><strong>cadem</strong></span> <span class='ocrx_word' id='word_1_130' title='bbox 735 2306 833 2361; x_wconf 85' lang='lat' dir='ltr'><strong>babitst</strong></span> <span class='ocrx_word' id='word_1_131' title='bbox 850 2306 910 2360; x_wconf 86' lang='lat' dir='ltr'><strong>loca</strong></span> <span class='ocrx_word' id='word_1_132' title='bbox 928 2316 1004 2376; x_wconf 77' lang='lat' dir='ltr'><strong>atque</strong></span> <span class='ocrx_word' id='word_1_133' title='bbox 1017 2307 1122 2376; x_wconf 85' lang='lat' dir='ltr'><strong>saepius</strong></span> <span class='ocrx_word' id='word_1_134' title='bbox 1143 2323 1211 2361; x_wconf 88' lang='lat' dir='ltr'><strong>com·</strong></span> 
     </span>
     <span class='ocr_line' id='line_1_19' title="bbox 19 2391 1208 2461; baseline 0.008 -17"><span class='ocrx_word' id='word_1_135' title='bbox 19 2403 138 2461; x_wconf 89' lang='lat' dir='ltr'><strong>mutatur,</strong></span> <span class='ocrx_word' id='word_1_136' title='bbox 158 2391 230 2446; x_wconf 86' lang='lat' dir='ltr'><strong>lollla</strong></span> <span class='ocrx_word' id='word_1_137' title='bbox 247 2392 411 2446; x_wconf 79' lang='lat' dir='ltr'><strong>brevioribus</strong></span> <span class='ocrx_word' id='word_1_138' title='bbox 428 2392 563 2446; x_wconf 84' lang='lat' dir='ltr'><strong>latioribus</strong></span> <span class='ocrx_word' id='word_1_139' title='bbox 580 2394 696 2448; x_wconf 77' lang='lat' dir='ltr'><strong>breviter</strong></span> <span class='ocrx_word' id='word_1_140' title='bbox 713 2405 740 2448; x_wconf 87' lang='lat' dir='ltr'><strong>et</strong></span> <span class='ocrx_word' id='word_1_141' title='bbox 756 2395 849 2448; x_wconf 84' lang='lat' dir='ltr'><strong>obtuso</strong></span> <span class='ocrx_word' id='word_1_142' title='bbox 867 2395 1021 2450; x_wconf 72' lang='lat' dir='ltr'><strong>acuminatis</strong></span> <span class='ocrx_word' id='word_1_143' title='bbox 1036 2395 1208 2453; x_wconf 73' lang='lat' dir='ltr'><strong>subscutstls</strong></span> 
     </span>
     <span class='ocr_line' id='line_1_20' title="bbox 18 2479 1273 2560; baseline 0.003 -28"><span class='ocrx_word' id='word_1_144' title='bbox 18 2480 79 2536; x_wconf 84' lang='lat' dir='ltr'><strong>haud</strong></span> <span class='ocrx_word' id='word_1_145' title='bbox 96 2481 210 2536; x_wconf 81' lang='lat' dir='ltr'><strong>sulcatis</strong></span> <span class='ocrx_word' id='word_1_146' title='bbox 227 2480 329 2548; x_wconf 85' lang='lat' dir='ltr'><strong>turgide</strong></span> <span class='ocrx_word' id='word_1_147' title='bbox 346 2479 504 2547; x_wconf 83' lang='lat' dir='ltr'><strong>imbricatis,</strong></span> <span class='ocrx_word' id='word_1_148' title='bbox 522 2483 599 2534; x_wconf 86' lang='lat' dir='ltr'><strong>ramis</strong></span> <span class='ocrx_word' id='word_1_149' title='bbox 618 2491 644 2536; x_wconf 88' lang='lat' dir='ltr'><strong>et</strong></span> <span class='ocrx_word' id='word_1_150' title='bbox 661 2481 766 2538; x_wconf 84' lang='lat' dir='ltr'><strong>ramulis</strong></span> <span class='ocrx_word' id='word_1_151' title='bbox 784 2482 1038 2538; x_wconf 83' lang='lat' dir='ltr'><strong>circinato-incurvis</strong></span> <span class='ocrx_word' id='word_1_152' title='bbox 1055 2493 1207 2554; x_wconf 81' lang='lat' dir='ltr'><strong>turgesccu-</strong></span> <span class='ocrx_word' id='word_1_153' title='bbox 1268 2546 1273 2560; x_wconf 35' lang='grc' dir='ltr'>ι</span> 
     </span>
     <span class='ocr_line' id='line_1_21' title="bbox 17 2567 281 2621; baseline 0.011 -4"><span class='ocrx_word' id='word_1_154' title='bbox 17 2569 76 2621; x_wconf 85' lang='lat' dir='ltr'><strong>tibus</strong></span> <span class='ocrx_word' id='word_1_155' title='bbox 93 2567 281 2621; x_wconf 83' lang='lat' dir='ltr'><strong>subterctibus.</strong></span> 
     </span>
    </p>

    <p class='ocr_par' dir='ltr' id='par_1_16' title="bbox 17 2653 1208 2900">
     <span class='ocr_line' id='line_1_22' title="bbox 81 2653 1208 2726; baseline 0.007 -20"><span class='ocrx_word' id='word_1_156' title='bbox 81 2654 225 2712; x_wconf 82' lang='lat' dir='ltr'><strong>Robustius</strong></span> <span class='ocrx_word' id='word_1_157' title='bbox 242 2653 366 2724; x_wconf 86' lang='lat' dir='ltr'><strong>gracilius</strong></span> <span class='ocrx_word' id='word_1_158' title='bbox 385 2655 503 2722; x_wconf 85' lang='lat' dir='ltr'><strong>provenit</strong></span> <span class='ocrx_word' id='word_1_159' title='bbox 523 2654 592 2708; x_wconf 88' lang='lat' dir='ltr'><strong>loliis</strong></span> <span class='ocrx_word' id='word_1_160' title='bbox 611 2654 670 2724; x_wconf 90' lang='lat' dir='ltr'><strong>plus</strong></span> <span class='ocrx_word' id='word_1_161' title='bbox 689 2656 771 2710; x_wconf 88' lang='lat' dir='ltr'><strong>minus</strong></span> <span class='ocrx_word' id='word_1_162' title='bbox 789 2657 909 2711; x_wconf 87' lang='lat' dir='ltr'><strong>distincte</strong></span> <span class='ocrx_word' id='word_1_163' title='bbox 927 2659 1058 2726; x_wconf 86' lang='lat' dir='ltr'><strong>secundis,</strong></span> <span class='ocrx_word' id='word_1_164' title='bbox 1076 2658 1208 2714; x_wconf 81' lang='lat' dir='ltr'><strong>rumulinis</strong></span> 
     </span>
     <span class='ocr_line' id='line_1_23' title="bbox 18 2739 1205 2814; baseline 0.007 -22"><span class='ocrx_word' id='word_1_165' title='bbox 18 2741 146 2796; x_wconf 78' lang='lat' dir='ltr'><strong>insularum</strong></span> <span class='ocrx_word' id='word_1_166' title='bbox 172 2740 339 2810; x_wconf 72' lang='lat' dir='ltr'><strong>graciliorem</strong></span> <span class='ocrx_word' id='word_1_167' title='bbox 365 2741 473 2794; x_wconf 78' lang='lat' dir='ltr'><strong>falcatis.</strong></span> <span class='ocrx_word' id='word_1_168' title='bbox 510 2739 537 2796; x_wconf 87' lang='lat' dir='ltr'><strong>ln</strong></span> <span class='ocrx_word' id='word_1_169' title='bbox 565 2744 713 2814; x_wconf 88' lang='lat' dir='ltr'><strong>regionibus</strong></span> <span class='ocrx_word' id='word_1_170' title='bbox 739 2743 915 2814; x_wconf 75' lang='lat' dir='ltr'><strong>trigidioribus</strong></span> <span class='ocrx_word' id='word_1_171' title='bbox 940 2745 1044 2814; x_wconf 82' lang='lat' dir='ltr'><strong>plautus</strong></span> <span class='ocrx_word' id='word_1_172' title='bbox 1062 2747 1130 2802; x_wconf 79' lang='lat' dir='ltr'><strong>haud</strong></span> <span class='ocrx_word' id='word_1_173' title='bbox 1148 2763 1205 2800; x_wconf 79' lang='lat' dir='ltr'><strong>nro</strong></span> 
     </span>
     <span class='ocr_line' id='line_1_24' title="bbox 17 2831 657 2900; baseline 0 -18"><span class='ocrx_word' id='word_1_174' title='bbox 17 2839 77 2882; x_wconf 81' lang='lat' dir='ltr'><strong>totac</strong></span> <span class='ocrx_word' id='word_1_175' title='bbox 96 2831 228 2899; x_wconf 87' lang='lat' dir='ltr'><strong>nigricant</strong></span> <span class='ocrx_word' id='word_1_176' title='bbox 246 2840 322 2900; x_wconf 84' lang='lat' dir='ltr'><strong>atque</strong></span> <span class='ocrx_word' id='word_1_177' title='bbox 340 2831 520 2884; x_wconf 82' lang='lat' dir='ltr'><strong>crassissimae</strong></span> <span class='ocrx_word' id='word_1_178' title='bbox 539 2831 657 2884; x_wconf 73' lang='lat' dir='ltr'><strong>evadunt</strong></span> 
     </span>
    </p>
   </div>
   <div class='ocr_carea' id='block_1_8' title="bbox 379 3035 839 3232">
    <p class='ocr_par' dir='ltr' id='par_1_17' title="bbox 379 3035 839 3232">
     <span class='ocr_line' id='line_1_25' title="bbox 379 3035 839 3106; baseline 0 -4"><span class='ocrx_word' id='word_1_179' title='bbox 379 3035 455 3102; x_wconf 83' lang='lat' dir='ltr'><strong>Gen.</strong></span> <span class='ocrx_word' id='word_1_180' title='bbox 480 3037 530 3103; x_wconf 86' lang='lat'><strong>15.</strong></span> <span class='ocrx_word' id='word_1_181' title='bbox 576 3037 839 3106; x_wconf 75' lang='lat' dir='ltr'><strong>HYLOCOMIUM.</strong></span> 
     </span>
     <span class='ocr_line' id='line_1_26' title="bbox 512 3167 729 3232; baseline 0 -1"><span class='ocrx_word' id='word_1_182' title='bbox 512 3175 600 3231; x_wconf 78' lang='lat' dir='ltr'><strong>Scurra.</strong></span> <span class='ocrx_word' id='word_1_183' title='bbox 620 3167 729 3232; x_wconf 64' lang='lat' dir='ltr'><strong>(latroll.⁴</strong></span> 
     </span>
    </p>
   </div>
   <div class='ocr_carea' id='block_1_9' title="bbox 13 3303 1209 3914">
    <p class='ocr_par' dir='ltr' id='par_1_18' title="bbox 13 3303 1209 3914">
     <span class='ocr_line' id='line_1_27' title="bbox 96 3303 1209 3391; baseline 0.003 -24"><span class='ocrx_word' id='word_1_184' title='bbox 96 3304 221 3367; x_wconf 86' lang='lat' dir='ltr'><strong>Plantae</strong></span> <span class='ocrx_word' id='word_1_185' title='bbox 245 3303 404 3386; x_wconf 86' lang='lat' dir='ltr'><strong>speciosae</strong></span> <span class='ocrx_word' id='word_1_186' title='bbox 427 3319 483 3386; x_wconf 89' lang='lat' dir='ltr'><strong>pro</strong></span> <span class='ocrx_word' id='word_1_187' title='bbox 505 3309 590 3385; x_wconf 88' lang='lat' dir='ltr'><strong>parte</strong></span> <span class='ocrx_word' id='word_1_188' title='bbox 613 3307 745 3388; x_wconf 87' lang='lat' dir='ltr'><strong>majores</strong></span> <span class='ocrx_word' id='word_1_189' title='bbox 769 3304 921 3386; x_wconf 82' lang='lat' dir='ltr'><strong>Familiae,</strong></span> <span class='ocrx_word' id='word_1_190' title='bbox 945 3305 1097 3387; x_wconf 84' lang='lat' dir='ltr'><strong>caespites</strong></span> <span class='ocrx_word' id='word_1_191' title='bbox 1118 3306 1209 3391; x_wconf 87' lang='lat' dir='ltr'><strong>longe</strong></span> 
     </span>
     <span class='ocr_line' id='line_1_28' title="bbox 16 3405 1208 3490; baseline 0.007 -22"><span class='ocrx_word' id='word_1_192' title='bbox 16 3407 130 3490; x_wconf 86' lang='lat' dir='ltr'><strong>lateque</strong></span> <span class='ocrx_word' id='word_1_193' title='bbox 167 3415 313 3470; x_wconf 83' lang='lat' dir='ltr'><strong>extensos</strong></span> <span class='ocrx_word' id='word_1_194' title='bbox 348 3406 433 3470; x_wconf 88' lang='lat' dir='ltr'><strong>loxos</strong></span> <span class='ocrx_word' id='word_1_195' title='bbox 465 3405 824 3473; x_wconf 82' lang='lat' dir='ltr'><strong>tumescenti-demissos</strong></span> <span class='ocrx_word' id='word_1_196' title='bbox 860 3409 957 3474; x_wconf 83' lang='lat' dir='ltr'><strong>rarius</strong></span> <span class='ocrx_word' id='word_1_197' title='bbox 991 3411 1087 3476; x_wconf 85' lang='lat' dir='ltr'><strong>elatos</strong></span> <span class='ocrx_word' id='word_1_198' title='bbox 1116 3411 1208 3476; x_wconf 79' lang='lat' dir='ltr'><strong>edor-</strong></span> 
     </span>
     <span class='ocr_line' id='line_1_29' title="bbox 16 3510 1208 3599; baseline 0.007 -27"><span class='ocrx_word' id='word_1_199' title='bbox 16 3521 138 3594; x_wconf 87' lang='lat' dir='ltr'><strong>mantes,</strong></span> <span class='ocrx_word' id='word_1_200' title='bbox 163 3510 291 3592; x_wconf 85' lang='lat' dir='ltr'><strong>solidae,</strong></span> <span class='ocrx_word' id='word_1_201' title='bbox 316 3512 430 3594; x_wconf 86' lang='lat' dir='ltr'><strong>pluries</strong></span> <span class='ocrx_word' id='word_1_202' title='bbox 447 3513 562 3578; x_wconf 81' lang='lat' dir='ltr'><strong>diuisae</strong></span> <span class='ocrx_word' id='word_1_203' title='bbox 583 3515 945 3596; x_wconf 86' lang='lat' dir='ltr'><strong>bipinnato-iasciculuto-</strong></span> <span class='ocrx_word' id='word_1_204' title='bbox 970 3523 1002 3580; x_wconf 84' lang='lat' dir='ltr'><strong>et</strong></span> <span class='ocrx_word' id='word_1_205' title='bbox 1016 3533 1092 3599; x_wconf 83' lang='lat' dir='ltr'><strong>vage</strong></span> <span class='ocrx_word' id='word_1_206' title='bbox 1108 3534 1208 3582; x_wconf 86' lang='lat' dir='ltr'><strong>ramo·</strong></span> 
     </span>
     <span class='ocr_line' id='line_1_30' title="bbox 15 3615 1208 3703; baseline 0.01 -28"><span class='ocrx_word' id='word_1_207' title='bbox 15 3615 102 3680; x_wconf 84' lang='lat' dir='ltr'><strong>losse.</strong></span> <span class='ocrx_word' id='word_1_208' title='bbox 151 3615 252 3679; x_wconf 83' lang='lat' dir='ltr'><strong>Gaulis</strong></span> <span class='ocrx_word' id='word_1_209' title='bbox 274 3616 396 3699; x_wconf 89' lang='lat' dir='ltr'><strong>ligneus</strong></span> <span class='ocrx_word' id='word_1_210' title='bbox 419 3617 627 3682; x_wconf 87' lang='lat' dir='ltr'><strong>eradiculosus</strong></span> <span class='ocrx_word' id='word_1_211' title='bbox 659 3619 781 3702; x_wconf 88' lang='lat' dir='ltr'><strong>saepius</strong></span> <span class='ocrx_word' id='word_1_212' title='bbox 812 3619 1004 3703; x_wconf 75' lang='lat' dir='ltr'><strong>paraplrylliis</strong></span> <span class='ocrx_word' id='word_1_213' title='bbox 1036 3621 1208 3686; x_wconf 86' lang='lat' dir='ltr'><strong>numerosis</strong></span> 
     </span>
     <span class='ocr_line' id='line_1_31' title="bbox 13 3720 1208 3814; baseline 0.008 -32"><span class='ocrx_word' id='word_1_214' title='bbox 13 3722 138 3784; x_wconf 84' lang='lat' dir='ltr'><strong>ramosis</strong></span> <span class='ocrx_word' id='word_1_215' title='bbox 163 3720 281 3802; x_wconf 81' lang='lat' dir='ltr'><strong>pallidis</strong></span> <span class='ocrx_word' id='word_1_216' title='bbox 303 3723 454 3814; x_wconf 85' lang='lat' dir='ltr'><strong>obtectus,</strong></span> <span class='ocrx_word' id='word_1_217' title='bbox 479 3741 520 3786; x_wconf 86' lang='lat' dir='ltr'><strong>ex</strong></span> <span class='ocrx_word' id='word_1_218' title='bbox 541 3724 628 3805; x_wconf 88' lang='lat' dir='ltr'><strong>apice</strong></span> <span class='ocrx_word' id='word_1_219' title='bbox 659 3725 820 3789; x_wconf 90' lang='lat' dir='ltr'><strong>continuus</strong></span> <span class='ocrx_word' id='word_1_220' title='bbox 851 3724 901 3790; x_wconf 86' lang='lat' dir='ltr'><strong>vel</strong></span> <span class='ocrx_word' id='word_1_221' title='bbox 930 3725 1052 3790; x_wconf 90' lang='lat' dir='ltr'><strong>turione</strong></span> <span class='ocrx_word' id='word_1_222' title='bbox 1082 3725 1208 3792; x_wconf 82' lang='lat' dir='ltr'><strong>robuste</strong></span> 
     </span>
     <span class='ocr_line' id='line_1_32' title="bbox 13 3824 1206 3914; baseline 0.011 -32"><span class='ocrx_word' id='word_1_223' title='bbox 13 3826 112 3890; x_wconf 90' lang='lat' dir='ltr'><strong>stricto</strong></span> <span class='ocrx_word' id='word_1_224' title='bbox 144 3841 164 3888; x_wconf 88' lang='lat' dir='ltr'><strong>e</strong></span> <span class='ocrx_word' id='word_1_225' title='bbox 195 3824 291 3889; x_wconf 84' lang='lat' dir='ltr'><strong>latere</strong></span> <span class='ocrx_word' id='word_1_226' title='bbox 323 3826 483 3909; x_wconf 89' lang='lat' dir='ltr'><strong>superiore</strong></span> <span class='ocrx_word' id='word_1_227' title='bbox 516 3827 719 3894; x_wconf 85' lang='lat' dir='ltr'><strong>innovationis</strong></span> <span class='ocrx_word' id='word_1_228' title='bbox 751 3829 913 3894; x_wconf 86' lang='lat' dir='ltr'><strong>annotinae</strong></span> <span class='ocrx_word' id='word_1_229' title='bbox 944 3837 1084 3894; x_wconf 86' lang='lat' dir='ltr'><strong>arcuatas</strong></span> <span class='ocrx_word' id='word_1_230' title='bbox 1115 3848 1206 3914; x_wconf 88' lang='lat' dir='ltr'><strong>egre·</strong></span> 
     </span>
    </p>
   </div>
   <div class='ocr_carea' id='block_1_10' title="bbox 12 3911 1207 4644">
    <p class='ocr_par' dir='ltr' id='par_1_19' title="bbox 12 3911 1207 4644">
     <span class='ocr_line' id='line_1_33' title="bbox 13 3911 1207 4016; baseline 0.011 -27"><span class='ocrx_word' id='word_1_231' title='bbox 13 3924 111 3990; x_wconf 85' lang='lat' dir='ltr'><strong>diente</strong></span> <span class='ocrx_word' id='word_1_232' title='bbox 145 3911 304 3992; x_wconf 81' lang='lat' dir='ltr'><strong>innovans.</strong></span> <span class='ocrx_word' id='word_1_233' title='bbox 351 3931 432 3995; x_wconf 79' lang='lat' dir='ltr'><strong>Folia</strong></span> <span class='ocrx_word' id='word_1_234' title='bbox 464 3929 596 4014; x_wconf 84' lang='lat' dir='ltr'><strong>undique</strong></span> <span class='ocrx_word' id='word_1_235' title='bbox 629 3932 779 4013; x_wconf 83' lang='lat' dir='ltr'><strong>patentia,</strong></span> <span class='ocrx_word' id='word_1_236' title='bbox 816 3933 865 3998; x_wconf 87' lang='lat' dir='ltr'><strong>ael</strong></span> <span class='ocrx_word' id='word_1_237' title='bbox 895 3949 1076 4016; x_wconf 85' lang='lat' dir='ltr'><strong>squamosa,</strong></span> <span class='ocrx_word' id='word_1_238' title='bbox 1107 3935 1207 4002; x_wconf 83' lang='lat' dir='ltr'><strong>rarius</strong></span> 
     </span>
     <span class='ocr_line' id='line_1_34' title="bbox 13 4031 1206 4122; baseline 0.011 -30"><span class='ocrx_word' id='word_1_239' title='bbox 13 4031 213 4114; x_wconf 82' lang='lat' dir='ltr'><strong>subsecundo,</strong></span> <span class='ocrx_word' id='word_1_240' title='bbox 236 4033 382 4113; x_wconf 83' lang='lat' dir='ltr'><strong>scariosa,</strong></span> <span class='ocrx_word' id='word_1_241' title='bbox 406 4034 511 4115; x_wconf 90' lang='lat' dir='ltr'><strong>nitida,</strong></span> <span class='ocrx_word' id='word_1_242' title='bbox 535 4035 596 4098; x_wconf 88' lang='lat' dir='ltr'><strong>late</strong></span> <span class='ocrx_word' id='word_1_243' title='bbox 618 4043 717 4118; x_wconf 84' lang='lat' dir='ltr'><strong>ovato,</strong></span> <span class='ocrx_word' id='word_1_244' title='bbox 741 4035 916 4118; x_wconf 83' lang='lat' dir='ltr'><strong>oboordata,</strong></span> <span class='ocrx_word' id='word_1_245' title='bbox 933 4038 1052 4122; x_wconf 88' lang='lat' dir='ltr'><strong>longius</strong></span> <span class='ocrx_word' id='word_1_246' title='bbox 1067 4039 1206 4106; x_wconf 84' lang='lat' dir='ltr'><strong>brevius-</strong></span> 
     </span>
     <span class='ocr_line' id='line_1_35' title="bbox 12 4139 1205 4225; baseline 0.011 -29"><span class='ocrx_word' id='word_1_247' title='bbox 12 4153 67 4216; x_wconf 87' lang='lat' dir='ltr'><strong>que</strong></span> <span class='ocrx_word' id='word_1_248' title='bbox 90 4139 270 4219; x_wconf 86' lang='lat' dir='ltr'><strong>souminsta,</strong></span> <span class='ocrx_word' id='word_1_249' title='bbox 293 4146 357 4202; x_wconf 91' lang='lat' dir='ltr'><strong>toto</strong></span> <span class='ocrx_word' id='word_1_250' title='bbox 380 4139 493 4203; x_wconf 89' lang='lat' dir='ltr'><strong>ambitu</strong></span> <span class='ocrx_word' id='word_1_251' title='bbox 509 4139 623 4203; x_wconf 89' lang='lat' dir='ltr'><strong>minute</strong></span> <span class='ocrx_word' id='word_1_252' title='bbox 638 4149 767 4220; x_wconf 86' lang='lat' dir='ltr'><strong>serrata,</strong></span> <span class='ocrx_word' id='word_1_253' title='bbox 785 4141 917 4207; x_wconf 89' lang='lat' dir='ltr'><strong>tenuiter</strong></span> <span class='ocrx_word' id='word_1_254' title='bbox 931 4141 1089 4225; x_wconf 87' lang='lat' dir='ltr'><strong>bicostata,</strong></span> <span class='ocrx_word' id='word_1_255' title='bbox 1112 4144 1205 4209; x_wconf 87' lang='lat' dir='ltr'><strong>sulcis</strong></span> 
     </span>
     <span class='ocr_line' id='line_1_36' title="bbox 14 4241 1205 4328; baseline 0.01 -27"><span class='ocrx_word' id='word_1_256' title='bbox 14 4241 188 4324; x_wconf 82' lang='lat' dir='ltr'><strong>plerumque</strong></span> <span class='ocrx_word' id='word_1_257' title='bbox 210 4243 276 4325; x_wconf 89' lang='lat' dir='ltr'><strong>plus</strong></span> <span class='ocrx_word' id='word_1_258' title='bbox 299 4245 399 4307; x_wconf 90' lang='lat' dir='ltr'><strong>minus</strong></span> <span class='ocrx_word' id='word_1_259' title='bbox 432 4245 603 4309; x_wconf 87' lang='lat' dir='ltr'><strong>numerosis</strong></span> <span class='ocrx_word' id='word_1_260' title='bbox 626 4253 766 4326; x_wconf 67' lang='lat' dir='ltr'><strong>moram,</strong></span> <span class='ocrx_word' id='word_1_261' title='bbox 800 4247 875 4310; x_wconf 90' lang='lat' dir='ltr'><strong>retis</strong></span> <span class='ocrx_word' id='word_1_262' title='bbox 905 4249 1062 4328; x_wconf 87' lang='lat' dir='ltr'><strong>pertenuis</strong></span> <span class='ocrx_word' id='word_1_263' title='bbox 1092 4249 1205 4314; x_wconf 86' lang='lat' dir='ltr'><strong>areolis</strong></span> 
     </span>
     <span class='ocr_line' id='line_1_37' title="bbox 14 4342 1204 4435; baseline 0.014 -32"><span class='ocrx_word' id='word_1_264' title='bbox 14 4342 172 4408; x_wconf 82' lang='lat' dir='ltr'><strong>linearibus</strong></span> <span class='ocrx_word' id='word_1_265' title='bbox 195 4349 418 4430; x_wconf 81' lang='lat' dir='ltr'><strong>angustissimis</strong></span> <span class='ocrx_word' id='word_1_266' title='bbox 449 4349 485 4414; x_wconf 87' lang='lat' dir='ltr'><strong>ad</strong></span> <span class='ocrx_word' id='word_1_267' title='bbox 515 4347 602 4413; x_wconf 90' lang='lat' dir='ltr'><strong>basin</strong></span> <span class='ocrx_word' id='word_1_268' title='bbox 634 4349 791 4414; x_wconf 88' lang='lat' dir='ltr'><strong>latioribus</strong></span> <span class='ocrx_word' id='word_1_269' title='bbox 823 4351 1017 4435; x_wconf 76' lang='lat' dir='ltr'><strong>angularibus</strong></span> <span class='ocrx_word' id='word_1_270' title='bbox 1048 4353 1204 4420; x_wconf 85' lang='lat' dir='ltr'><strong>similibus.</strong></span> 
     </span>
     <span class='ocr_line' id='line_1_38' title="bbox 15 4447 1201 4535; baseline 0.012 -28"><span class='ocrx_word' id='word_1_271' title='bbox 15 4447 112 4511; x_wconf 76' lang='lat' dir='ltr'><strong>l&#39;tnres</strong></span> <span class='ocrx_word' id='word_1_272' title='bbox 136 4449 241 4530; x_wconf 87' lang='lat' dir='ltr'><strong>diolci,</strong></span> <span class='ocrx_word' id='word_1_273' title='bbox 272 4453 395 4514; x_wconf 82' lang='lat' dir='ltr'><strong>masculi</strong></span> <span class='ocrx_word' id='word_1_274' title='bbox 419 4453 449 4516; x_wconf 89' lang='lat' dir='ltr'><strong>in</strong></span> <span class='ocrx_word' id='word_1_275' title='bbox 472 4454 563 4516; x_wconf 88' lang='lat' dir='ltr'><strong>ramis</strong></span> <span class='ocrx_word' id='word_1_276' title='bbox 587 4454 777 4518; x_wconf 89' lang='lat' dir='ltr'><strong>secundariis</strong></span> <span class='ocrx_word' id='word_1_277' title='bbox 801 4465 832 4519; x_wconf 87' lang='lat' dir='ltr'><strong>et</strong></span> <span class='ocrx_word' id='word_1_278' title='bbox 853 4458 993 4535; x_wconf 83' lang='lat' dir='ltr'><strong>ramulis,</strong></span> <span class='ocrx_word' id='word_1_279' title='bbox 1027 4457 1150 4521; x_wconf 83' lang='lat' dir='ltr'><strong>leminei</strong></span> <span class='ocrx_word' id='word_1_280' title='bbox 1171 4458 1201 4522; x_wconf 91' lang='lat' dir='ltr'><strong>in</strong></span> 
     </span>
     <span class='ocr_line' id='line_1_39' title="bbox 16 4554 1203 4644; baseline 0.013 -32"><span class='ocrx_word' id='word_1_281' title='bbox 16 4554 95 4615; x_wconf 88' lang='lat' dir='ltr'><strong>caule</strong></span> <span class='ocrx_word' id='word_1_282' title='bbox 119 4555 260 4637; x_wconf 85' lang='lat' dir='ltr'><strong>primario</strong></span> <span class='ocrx_word' id='word_1_283' title='bbox 284 4557 439 4619; x_wconf 89' lang='lat' dir='ltr'><strong>annotino.</strong></span> <span class='ocrx_word' id='word_1_284' title='bbox 486 4557 703 4622; x_wconf 86' lang='lat' dir='ltr'><strong>Periobaetium</strong></span> <span class='ocrx_word' id='word_1_285' title='bbox 727 4561 756 4623; x_wconf 91' lang='lat' dir='ltr'><strong>in</strong></span> <span class='ocrx_word' id='word_1_286' title='bbox 788 4561 902 4625; x_wconf 90' lang='lat' dir='ltr'><strong>ramulo</strong></span> <span class='ocrx_word' id='word_1_287' title='bbox 931 4560 1094 4644; x_wconf 85' lang='lat' dir='ltr'><strong>periebaet.</strong></span> <span class='ocrx_word' id='word_1_288' title='bbox 1118 4564 1203 4628; x_wconf 82' lang='lat' dir='ltr'><strong>breui</strong></span> 
     </span>
    </p>
   </div>
   <div class='ocr_carea' id='block_1_11' title="bbox 0 0 1576 5366">
    <p class='ocr_par' dir='ltr' id='par_1_20' title="bbox 0 0 1576 5366">
     <span class='ocr_line' id='line_1_40' title="bbox 0 0 1576 5366; baseline 0 4"><span class='ocrx_word' id='word_1_289' title='bbox 0 0 1576 5366; x_wconf 95' lang='lat' dir='ltr'><strong> </strong></span> 
     </span>
    </p>
   </div>
  </div>
 </body>
</html>
