3238 5352
372 386 408 442 Vi
922 385 1087 440 introductio.

374 561 606 644 Piopiottecim
637 559 846 643 Ambivatepio
876 566 908 624 et
935 560 1051 642 Hypnc
1072 558 1217 626 nonaniia
1238 563 1331 640 etc),
1361 559 1410 624 rei
1439 561 1560 642 pinnam

373 667 427 730 ubi
448 667 523 730 mini
551 685 591 730 cx
613 665 760 748 oppositis
782 663 875 728 cnuiis
899 663 1044 728 lateribus
1066 663 1281 748 egrediuntur3
1303 665 1481 745 aiavpiv‘ca'ter
1498 665 1561 745 pin·

251 791 253 797 ⁸
372 777 448 834 noto
477 787 545 832 curo
574 769 649 834 rami
678 769 729 832 tali
758 768 846 831 modo
876 766 1005 830 ordinati
1047 767 1199 848 simplices
1229 775 1384 832 ramanent
1416 769 1562 842 (Nartem

372 877 495 956 wiopa,
526 873 688 938 Tbvidivm
709 874 892 951 obieiinnm,
921 873 1065 954 Hypnurn
1088 874 1242 936 mancam
1264 889 1291 933 e.
1315 875 1373 949 n),
1397 870 1562 954 duplici-vei

373 979 557 1060 bi-pv'unctu
577 993 686 1040 curae
715 975 838 1040 rauruiis
860 975 966 1040 ranauii
989 975 1097 1040 ecdem
1120 977 1210 1040 modo
1232 975 1366 1038 biserinti
1394 975 1564 1057 proveniunt

372 1081 552 1158 (i'bvidium
583 1082 780 1157 minutatum,
811 1081 1041 1156 deiicntvivm);
1068 1081 1242 1161 tripinraotn
1270 1096 1338 1142 cum
1361 1078 1467 1142 rarnuii
1489 1077 1562 1140 tertii

372 1183 486 1249 ordinis
514 1185 622 1246 iterum
655 1183 767 1266 pinnati
795 1182 988 1265 reperiuntur
1009 1184 1134 1256 (i'iteid.
1166 1185 1423 1260 tomcriacinun).
1469 1181 1563 1246 Cauiis

369 1288 721 1371 [camcvioio-romorna
755 1296 882 1352 vocatur
910 1305 978 1352 curu
1009 1289 1084 1351 rami
1113 1289 1169 1352 sub
1200 1289 1284 1370 apice
1308 1308 1346 1352 cx
1369 1287 1478 1352 eodem
1501 1287 1561 1350 iere

371 1399 481 1475 puncto
503 1399 554 1454 nui
570 1391 675 1456 saitem
690 1393 747 1455 sibi
769 1393 903 1474 proxime
918 1392 1056 1455 oriuntur
1079 1393 1222 1467 (Oiimcc.
1236 1393 1430 1470 dendroides,
1457 1393 1564 1456 ricui-

371 1499 464 1574 niaan,
488 1495 634 1577 iipocon.
662 1497 860 1572 vmbrotnvv).

460 1599 560 1664 Gauiis
599 1599 758 1666 confertim
795 1615 934 1664 ramosus
967 1606 1015 1662 est
1054 1615 1121 1662 cun
1156 1600 1230 1664 rami
1257 1599 1343 1664 vaide
1375 1598 1563 1682 approximnti

375 1711 463 1784 aunt;
487 1709 748 1768 erecto-ramosus
763 1704 814 1768 ubi
828 1705 903 1768 remi
925 1705 1046 1768 ecnuie
1068 1705 1281 1786 procumbente
1303 1721 1375 1768 sese
1397 1709 1564 1788 resurgunt,

371 1807 445 1871 rami
467 1807 524 1890 ipsi
559 1809 824 1872 erecto-ramulosi
848 1816 918 1872 sunt
940 1827 1008 1871 cum
1031 1809 1139 1872 rarnuii
1164 1828 1182 1870 c
1204 1811 1296 1872 ramis
1321 1808 1478 1890 prostratis
1500 1823 1564 1870 sese

371 1913 492 1994 erigunt
525 1920 615 1994 atque
650 1912 846 1976 directionem
877 1911 1049 1975 verticnicm
1084 1913 1212 1995 gignunt
1245 1913 1362 1993 (Hypo.
1394 1912 1565 1992 [incipio]

370 2035 512 2098 mene,
545 2017 648 2099 Hypo.
673 2019 925 2099 cuprasiscarram
958 2016 1131 2080 Homoiotia.
1153 2019 1302 2080 enimn
1324 2033 1352 2078 e.
1376 2021 1428 2092 a).
1461 1999 1565 2078 'Gnubs

371 2119 506 2202 ramique
547 2116 853 2184 bomonvalio-rarnusi
883 2127 914 2183 et
943 2119 1087 2183 rarnuiosi
1118 2119 1258 2184 dicuntur
1289 2120 1338 2182 ubi
1377 2120 1452 2182 rami
1482 2125 1565 2198 atque

371 2223 478 2288 rammi
502 2222 539 2288 ad
563 2239 654 2288 unum
677 2224 755 2287 iatus
778 2231 915 2306 vergunt.
953 2223 1056 2298 Quoad
1072 2225 1279 2302 directionem,
1310 2223 1385 2288 renui
1407 2230 1438 2286 et
1454 2220 1565 2298 ranauii,

372 2327 510 2392 sotiorum
526 2327 563 2390 nd
594 2327 699 2408 instar,
722 2329 888 2410 squarrosi,
912 2337 1062 2410 patentes,
1086 2334 1355 2409 erecto-patentes,
1378 2327 1497 2408 reiiexi,
1519 2324 1565 2387 de·

373 2431 453 2514 iiexi,
477 2430 630 2494 divertenti
657 2439 715 2495 etc.
740 2439 892 2498 vocantur.

464 2535 555 2598 Romi
576 2535 766 2598 nominantur
793 2536 1002 2600 innovationes
1025 2555 1043 2598 e
1066 2536 1160 2599 cuniis
1184 2535 1277 2598 intere
1295 2541 1401 2598 eratne
1417 2551 1474 2616 pro
1488 2549 1566 2598 more

372 2639 498 2720 iertiies,
521 2639 635 2702 romvii
663 2640 737 2702 rami
760 2640 915 2704 tenuiores
931 2640 1052 2703 steriles
1068 2640 1244 2722 pierumque
1260 2637 1486 2722 iinqeiiiiornaes
1508 2638 1525 2702 i.
1541 2655 1566 2697 e.

371 2743 486 2824 apicem
508 2759 618 2806 versus
647 2744 800 2806 attenuati.

464 2847 608 2912 sorenes
624 2848 728 2910 vocavi
744 2848 952 2912 innovationes
969 2847 1178 2929 micropbviias
1201 2865 1219 2909 e
1234 2845 1320 2910 cavie
1336 2863 1444 2910 versus
1462 2854 1565 2910 terrun

371 2948 594 3014 descendentes
626 2951 725 3032 ibique
749 2950 917 3016 radicantes
941 2953 1190 3032 (Hedaoipidivvn
1214 2949 1371 3027 Breunin)
1396 2950 1443 3014 vei
1468 2964 1563 3014 erau-

372 3052 408 3116 iis
436 3061 520 3135 parte
549 3054 747 3120 subterranea
776 3055 834 3118 sub
857 3063 938 3122 terra
960 3064 1159 3138 prorepentes
1183 3055 1364 3136 tandemque
1390 3053 1427 3117 nd
1458 3055 1564 3138 piantes

372 3157 505 3222 noveiins
532 3159 760 3224 constituendas
784 3167 978 3244 emergentes
1002 3160 1143 3237 (Marivm,
1169 3161 1348 3224 Ciimncinm
1371 3179 1400 3220 e.
1424 3165 1479 3232 n).

460 3261 625 3342 ductores,
648 3264 811 3346 praecipue
833 3263 1039 3344 antiquiores,
1071 3263 1147 3326 cnuii
1171 3281 1343 3328 muscorum
1368 3279 1422 3345 pro
1445 3263 1564 3335 formae,

372 3363 547 3428 directionis
584 3373 673 3448 atque
706 3367 926 3432 sacrificationis
950 3366 1144 3446 diversitate,
1178 3368 1297 3430 nomina
1328 3366 1446 3430 diverse
1480 3367 1565 3445 impo-

372 3475 507 3534 suerunt.
550 3471 702 3534 Truncvrn
716 3480 823 3536 vocant
845 3471 963 3536 caulem
977 3479 1011 3534 nt
1033 3471 1190 3552 piurimouv
1213 3479 1359 3549 erectum,
1383 3471 1480 3553 prino
1502 3469 1566 3532 sina·

374 3571 583 3654 purissimum,
613 3581 712 3639 aetate
746 3575 851 3640 ebasi
880 3574 928 3638 vei
959 3575 1015 3638 sub
1045 3576 1128 3657 apice
1159 3577 1349 3638 innovantem
1383 3573 1567 3654 fructumque

372 3675 556 3740 terminaiem
580 3678 744 3742 icreutem:
782 3679 838 3742 boc
869 3697 963 3743 sensu
986 3679 1090 3760 Brun,
1114 3680 1218 3758 iinio,
1240 3679 1428 3760 i’oiptrv'cic,
1451 3676 1568 3759 proprio

371 3795 428 3844 suo
449 3780 559 3846 robore
587 3782 635 3844 vei
659 3791 762 3846 mutue
785 3784 937 3848 sociorum
960 3801 1017 3865 ope
1034 3789 1136 3848 erecta
1160 3801 1231 3846 sese
1247 3783 1438 3863 amnneutia,
1462 3789 1565 3846 nuncu

372 3891 540 3948 uterentur.
586 3887 639 3950 Ubi
672 3887 713 3950 ad
747 3887 838 3950 intera
870 3888 965 3952 cnuiis
995 3889 1137 3971 simplicis
1171 3885 1219 3950 vei
1240 3885 1328 3952 divisi
1352 3887 1420 3952 ioiia
1444 3884 1567 3948 distiebe

372 3987 547 4054 ordinantur
569 3998 600 4053 et
622 3992 707 4072 quasi
730 4009 769 4054 err
804 3993 870 4074 ipso
891 3993 977 4056 cauie
1008 3993 1181 4056 continuata
1209 3997 1372 4073 apparent,
1403 3984 1568 4072 hujusmodi

372 4091 466 4154 caulis
492 4094 617 4175 [condia
643 4095 764 4158 nomine
794 4095 950 4159 salutatur.
996 4097 1159 4161 sva-cuiun
1182 4097 1334 4160 nominant
1363 4092 1477 4159 caulem
1502 4109 1566 4156 sac·

373 4195 495 4276 pissimo
522 4198 779 4279 procumbentem,
803 4201 864 4282 jam
887 4207 956 4262 ante
972 4199 1194 4264 florescentiam
1215 4217 1366 4264 rnrnosurn
1384 4198 1568 4278 truciumque

373 4298 526 4362 iateraiem
549 4301 761 4384 proferentem.
814 4302 1030 4367 Distinciiones
1055 4302 1130 4366 tales
1153 4303 1298 4382 subdier,
1329 4321 1405 4385 quae
1429 4303 1568 4364 termino

373 4401 482 4488 inpiam
514 4404 684 4468 nominibus
719 4405 808 4470 maia·
835 4405 963 4472 iundatir
995 4407 1157 4472 obstruunt
1186 4413 1276 4488 atque
1307 4407 1337 4470 in
1369 4408 1433 4488 ipsa
1466 4411 1568 4468 natura

375 4506 485 4572 ondam
505 4507 654 4574 rationem
677 4507 798 4576 babent.
828 4511 950 4578 ommno
971 4511 1155 4597 rejiciendae
1177 4519 1256 4576 runt
