3106 5370
471 399 671 468 Splaclrnaceae.
1105 397 1169 460 m

69 579 161 642 llolr't.
190 578 221 640 in
253 577 435 659 graminosis
466 575 627 658 uliginosis
660 576 797 660 regionis
826 577 944 659 alpinae
974 595 1030 661 per
1061 594 1169 644 aonam

19 681 179 744 rtermediam
212 687 301 763 atque
336 679 604 762 septentrionalem
637 677 714 742 haud
746 697 834 743 raro:
865 680 928 765 legi
962 683 992 744 in
1025 681 1168 748 llbaetire

19 787 67 869 lpp.
87 786 194 850 Albula
216 793 247 856 et
269 786 416 867 Splopen,
439 786 470 846 in
494 784 581 865 Alpp.
597 783 745 848 liernens.
768 784 981 867 Werrpernolp‚
1010 787 1170 852 aarum

19 891 166 971 loclolpe),
190 891 222 952 in
238 887 423 973 salisburgn‘n
440 887 585 952 inferiore
603 905 696 971 prope
713 890 839 954 Goster'a
855 889 886 952 in
903 889 980 973 Alpe
1000 892 1168 970 aaronem,

19 995 192 1080 tNorvegiae
215 993 292 1058 valle
309 993 599 1058 Gambrandrdoleo
619 1000 651 1056 et
665 995 828 1076 praecipue
845 993 876 1056 in
892 993 969 1078 Alpe
985 996 1170 1077 Decresjeld

19 1099 37 1160 li
60 1118 143 1181 prope
176 1099 359 1180 Kouproold
392 1116 409 1160 e
439 1096 656 1178 vulgatissimis
687 1104 750 1176 est,
790 1106 945 1162 caeterum
983 1117 1038 1180 per
1076 1107 1168 1162 totam

19 1203 151 1286 'orvegiam
174 1213 207 1267 et
230 1205 368 1267 Speciem
392 1209 560 1266 montosam
582 1219 640 1263 nec
662 1219 725 1264 non
747 1220 802 1284 per
831 1203 1013 1285 bapponiam
1044 1203 1167 1266 minime

19 1325 51 1370 ro
70 1308 215 1388 occurrit,
239 1308 382 1389 copiosus
406 1306 515 1370 dicitur
537 1307 568 1368 in
586 1305 695 1369 Scotia.
725 1305 749 1368 E
766 1304 886 1371 Canada
903 1307 1062 1371 Daunono
1078 1309 1168 1372 misit

62 1413 157 1474 Froct.
180 1419 293 1474 motor.
317 1419 487 1474 auctumno.

48 1531 212 1586 Praecedente
222 1534 364 1601 procerior,
377 1541 508 1585 caeterum
521 1533 546 1584 ei
559 1531 660 1597 similis,
679 1531 740 1584 etin
751 1531 837 1584 lonnis
851 1534 904 1586 suia
917 1534 1067 1602 minoribns,
1087 1535 1167 1602 primo

19 1635 45 1686 ro,
60 1623 96 1672 rix
113 1621 187 1674 aliter
205 1621 386 1688 distinguitur,
413 1635 487 1688 qnam
507 1618 575 1672 loliis
594 1616 752 1688 longioribus
779 1619 862 1672 minus
877 1619 1033 1688 imbricatis,
1061 1621 1167 1690 capsula

19 1709 72 1776 rgias
88 1707 241 1776 pedioellata
259 1725 305 1776 pro
319 1707 460 1776 plantarum
473 1707 648 1774 magnitudino
667 1707 773 1771 minore,
793 1707 917 1775 operculo
938 1707 1037 1761 latiore.
1067 1703 1169 1762 Habitat

19 1811 72 1862 aper
87 1794 142 1848 loca
160 1793 306 1864 uliginosa,
324 1794 368 1847 ubi
387 1795 412 1846 iu
431 1795 534 1864 aquosis
553 1791 717 1861 semipedalis
737 1795 855 1846 occurrit.

378 1985 453 2048 Gan.
477 1981 506 2046 3.
551 1981 754 2048 annonis.

334 2143 413 2197 uror.
432 2143 518 2196 lourn.
537 2141 567 2194 ol
587 2141 630 2194 Sc.
647 2156 694 2209 pro
712 2143 799 2208 parte!

59 2285 146 2347 llusci
167 2284 239 2346 laxe
270 2282 489 2364 caespitantes,
522 2279 693 2343 innovando
722 2278 893 2344 dichotomo
916 2283 1046 2362 ramosi,
1080 2283 1167 2346 caule

19 2389 112 2450 triers
135 2365 330 2471 longitudino
353 2384 504 2449 radicibus
527 2382 602 2446 mos
626 2384 746 2447 obruto.
793 2383 871 2446 Folia
900 2387 1169 2467 erecto-patentia

19 2491 128 2556 allalata
151 2502 184 2557 et
208 2489 551 2574 elongato-spathuleta,
582 2496 671 2552 acute
693 2488 876 2568 acuminata,
899 2507 1033 2572 superne
1057 2508 1168 2574 grosse

19 2605 99 2676 nata,
130 2599 200 2662 laxe
225 2595 369 2660 areolrta.
415 2594 520 2658 Flores
549 2601 580 2656 et
609 2593 740 2674 colyptra
768 2593 992 2674 praecedentis.
1039 2595 1165 2680 Capsula

19 2703 37 2763 b
55 2702 235 2784 prolesnata,
263 2699 344 2764 collo
365 2699 529 2782 sporangio
545 2697 633 2779 paulo
649 2697 804 2778 breviore,
828 2699 947 2782 aequali
965 2700 1014 2762 vel
1029 2700 1168 2784 longiore

19 2811 128 2885 structe,
168 2808 258 2868 sicca
282 2822 376 2868 vacua
397 2809 527 2866 retracta
550 2802 598 2864 vel
622 2802 678 2864 sub
701 2819 756 2864 ore
779 2803 956 2866 constricta.
999 2805 1168 2868 Peristomii

19 2915 75 2976 ntes
95 2910 184 2995 longe
212 2908 293 2972 inira
316 2906 461 2970 orificium
485 2907 640 2985 orientes,
666 2905 706 2968 to
729 2906 841 2989 integri
865 2906 914 2970 vol
938 2907 1029 2986 bifidi,
1053 2909 1168 2974 lineali·

19 3015 120 3084 tceolati
142 3013 191 3076 vel
214 3013 334 3076 loricati
350 3012 431 3093 longi
449 3019 479 3074 et
494 3011 676 3092 longissimi,
693 3027 781 3091 quam
797 3014 928 3074 maxime
944 3011 1167 3094 hygroscopici,

19 3117 77 3186 mili
97 3122 299 3182 conniventes
324 3116 439 3180 incurvi
462 3115 509 3178 vel
532 3121 614 3178 arcte
639 3114 773 3193 involuti,
797 3115 870 3178 sicci
893 3114 1001 3178 reflexi
1024 3117 1166 3198 capsulae

19 3211 103 3304 pressi
129 3224 176 3288 vel
206 3219 564 3286 circinato-defluentes.
610 3221 725 3300 Sporae
758 3219 870 3284 virides
902 3219 952 3282 vel
977 3220 1167 3302 sulphureae.

19 3311 20 3314 ¹
60 3328 202 3408 Tapteris
228 3327 352 3390 lloonan
373 3325 478 3390 lourn.
501 3323 537 3388 ol
560 3324 688 3386 Science
714 3323 746 3388 T.
769 3323 814 3386 lll.
845 3323 954 3398 (solam
980 3325 1013 3390 Τ.
1039 3327 1168 3406 eploci-

19 3429 90 3491 tidenr
120 3432 297 3515 complect.)
330 3431 503 3507 lloolrcrr'o,
536 3429 725 3509 Sploclmom
747 3432 945 3508 (serrolam),
986 3431 1163 3496 lirooodon

19 3525 202 3617 ladotplion.)
226 3536 325 3616 Brun,
349 3535 428 3598 lluss
451 3541 483 3597 ct
504 3534 665 3615 Hennaea,
689 3535 856 3598 Scnwnaaa.

393 3743 418 3812 l.
448 3741 588 3824 laylorla
610 3744 737 3810 terrm

346 3881 466 3950 Splaclrn.
485 3890 576 3936 serrat.
593 3881 680 3936 llaow.
701 3881 745 3951 Sp.
764 3882 797 3936 ll.

65 4000 211 4086 caespites
235 4005 423 4088 irregulares
447 4006 527 4070 laeta
549 4003 674 4068 viridas.
707 4004 808 4068 caulis
825 4003 932 4068 fertilis
949 4005 1167 4085 procumbens,

19 4109 173 4172 novatianae
195 4111 377 4192 plerumque
400 4109 520 4174 binatae
543 4116 676 4187 erectae.
722 4108 803 4172 Folia
828 4107 1162 4190 elongato-spatium,

19 4209 165 4287 tapicalnm
188 4231 353 4278 recurvum
377 4215 536 4294 continua,
559 4222 644 4280 costa
666 4213 722 4278 sub
746 4214 831 4295 apice
854 4212 990 4277 evanida.
1036 4211 1163 4295 capsula

19 4313 166 4389 'pedicello
188 4320 274 4381 tenui
296 4317 416 4380 rabello
439 4319 504 4380 basi
520 4335 611 4401 saepe
631 4318 805 4402 geniculato
821 4324 935 4393 erecta,
959 4315 1037 4380 collo
1052 4317 1160 4397 aequi-

19 4425 70 4494 ugo
88 4421 223 4484 torridulo
248 4425 407 4498 instructa,
431 4421 610 4504 rulo-lusca,
636 4425 715 4486 sicca
738 4441 830 4486 vacua
853 4421 1035 4488 abbreviata.
1066 4419 1161 4500 Oper-

19 4513 79 4580 ulun
98 4524 149 4586 rlto
163 4525 211 4588 rel
234 4527 538 4590 conica-convexum.
571 4526 738 4592 Peristomii
754 4527 862 4591 dentes
878 4523 1165 4608 lineali-lanceolati,
