3140 5372
487 373 648 441 llppnaceee.
863 443 864 446 Ἴ
1097 374 1159 436 688

105 549 266 632 ramuliquc
286 555 395 611 wnues
418 547 671 629 subcomplanati,
707 547 786 612 loliis
818 537 1010 616 brevioribus
1034 556 1156 636 strictis,

104 651 225 734 pnlcbre
248 652 384 716 sericeis.

19 758 232 837 leopillnaearm
254 775 315 819 aar.
342 756 498 818 l'borraorr'i
519 754 599 817 Baro.
622 753 721 836 Bryol.
744 758 824 820 univ.

66 879 157 943 llnbit.
192 879 222 941 ln
256 885 336 941 terra
368 877 493 940 humosa
524 875 684 958 epirotica,
721 878 758 941 ad
790 897 862 943 saxa
896 888 986 964 atque
1016 885 1156 948 arborum

19 1002 148 1048 rrosuum
164 984 284 1047 radices
301 982 391 1065 inque
408 999 510 1044 earum
528 981 643 1044 truncis
660 986 904 1064 putrescentibus
920 1005 975 1069 per
989 987 1155 1072 Europam3

19 1108 42 1152 u.
62 1093 86 1165 β.
108 1089 138 1150 in
161 1086 328 1152 salebrosis
351 1094 440 1168 atque
470 1087 559 1149 tectis
590 1089 778 1170 stramineis‚
813 1109 873 1156 aar.
895 1117 921 1173 y.
944 1093 981 1156 ad
1015 1094 1154 1159 arborum

19 1193 90 1258 dices
112 1201 142 1256 et
162 1211 235 1257 saxa
259 1193 412 1272 umbrosa,
435 1211 497 1256 var.
513 1197 540 1255 d.
564 1193 690 1258 interra
706 1195 849 1275 sylvatica
865 1181 1043 1278 praesertim
1059 1215 1154 1263 zonae

19 1299 227 1381 ptentrionalls,
249 1318 313 1363 var.
337 1322 360 1365 s.
383 1299 414 1364 in
437 1299 579 1362 arborum
602 1299 717 1390 truncis
740 1299 963 1382 semiputridis,
994 1306 1155 1386 praecipua

19 1405 144 1486 rpulorum
167 1412 199 1468 et
222 1404 367 1484 Salicum,
397 1421 459 1467 var.
484 1413 509 1482 ζ.
532 1405 563 1464 in
585 1402 660 1468 locis
682 1405 772 1469 siccis
796 1404 915 1488 apricis.
958 1407 991 1470 ln
1013 1409 1154 1473 Americe

19 1515 49 1590 pt.
75 1507 270 1571 varietatibus
298 1514 329 1570 et
363 1507 466 1570 formis
488 1507 599 1588 multis,
625 1510 730 1592 partim
754 1507 790 1572 ab
820 1495 981 1593 europaeis
1012 1512 1153 1592 diversis,

19 1613 108 1675 orenit

54 1719 149 1784 Fruct.
167 1727 284 1784 ,metum
308 1727 477 1786 auctumno.

39 1823 136 1891 Species
163 1825 272 1878 maxime
299 1823 465 1893 polymorpho
492 1824 551 1878 lrinc
580 1826 610 1875 li.
639 1825 763 1891 glareano
787 1823 857 1876 illinc
888 1825 920 1876 ll.
941 1829 1066 1880 rutnhlo
1092 1845 1152 1882 rese

19 1912 148 1975 meinans,
173 1912 206 1965 ab
234 1911 280 1964 lllo
305 1909 409 1964 lloribus
427 1912 549 1963 monnicia
573 1911 606 1963 ab
628 1911 676 1962 lroc
700 1909 823 1978 capsulae
846 1911 976 1978 pedicsllo
1003 1913 1151 1968 laariuimo

19 1997 44 2048 ile
60 1999 270 2068 distinguendum.

303 2156 331 2222 3.
360 2155 605 2239 uraobpumtun
628 2155 809 2234 glareosum

369 2295 442 2350 barn.
462 2306 488 2348 et
506 2295 560 2348 Sca.
580 2294 665 2362 Bryol.
684 2310 738 2347 cnr.

51 2417 194 2482 bicinam.
241 2419 398 2500 caespites
430 2417 556 2480 demissi
578 2418 627 2480 vel
649 2417 758 2499 plantis
781 2416 1015 2480 escendentibus
1039 2425 1149 2482 tumes—

19 2529 74 2602 tes,
90 2521 268 2586 mollissime
284 2524 406 2604 sericei,
424 2521 627 2586 albo-virides.
667 2521 766 2586 Cauiis
783 2521 940 2604 elongatus
957 2520 1035 2584 loliis
1052 2522 1148 2586 dense

19 2625 99 2688 liertis
132 2627 358 2692 subimbricatis
392 2627 629 2706 crassiusculus,
661 2643 750 2708 parce
774 2625 907 2706 diuisus,
942 2625 1150 2710 irregulariter

19 2731 132 2794 rblosus.
181 2729 264 2795 Folia
288 2750 327 2794 ex
350 2731 585 2816 ovato-oblongo
608 2739 639 2795 et
661 2730 793 2814 oblongo
816 2729 981 2795 lanceolata
1004 2731 1095 2816 longe
1118 2739 1149 2795 et

19 2835 133 2898 ctissime
158 2834 510 2918 prinnini-acuminata,
543 2835 609 2900 solo
632 2853 748 2898 summo
771 2834 855 2916 apice
878 2833 1022 2898 distincte
1045 2853 1147 2898 serru-

19 2959 35 3010 ι,
63 2942 282 3018 tenuicostata‚
317 2940 484 3020 interrupte
514 2939 635 3004 sulcata.
681 2939 808 3022 Capsula
831 2938 924 3001 ovalis
947 2940 996 3002 vel
1018 2939 1147 3021 oblonga

19 3059 93 3123 trra,
128 3043 219 3107 badia
243 3050 341 3106 aetate
365 3043 536 3126 nigricans,
569 3043 713 3126 operculo
741 3043 864 3122 comeo,
896 3044 1006 3107 annulo
1035 3061 1145 3127 angus-

19 3147 82 3213 imo.
126 3149 340 3213 Peristomium
362 3146 583 3230 praecedentis.
628 3146 726 3228 Brpol.
750 3165 815 3209 eur.
837 3147 885 3226 Vl,
909 3147 979 3212 Tab.
995 3146 1067 3211 552.

19 3287 37 3348 p.
56 3272 231 3351 plantarum
253 3275 282 3347 β.
306 3271 553 3350 misaidaaensa,
585 3269 670 3334 caule
694 3271 907 3352 procumbente
930 3287 1007 3352 vage
1036 3270 1144 3350 diviso,

80 3377 172 3438 ramis
212 3375 363 3459 elongatis
395 3373 574 3454 lructileris,
610 3373 689 3436 loliis
720 3373 817 3437 dense
848 3373 1012 3436 imbricatis
1041 3381 1145 3437 ovato-

79 3479 260 3544 lanceolatis
284 3479 434 3542 tristriatis
451 3479 588 3543 acumine
605 3477 782 3561 longissimo
801 3476 950 3558 pilllormi,
968 3476 1144 3560 pedunculis

80 3585 288 3664 brevissimis,
318 3584 424 3647 thecae
453 3592 559 3647 ovatae
582 3601 714 3646 cernuae
738 3581 881 3664 operculo
904 3583 1018 3646 conieo.
1063 3581 1142 3645 Baro.

80 3691 166 3772 Spec.
192 3689 288 3752 blase.
312 3689 346 3770 ll,
370 3709 397 3772 p.
427 3687 496 3770 173,
522 3688 618 3772 ejusd.
642 3686 740 3769 Bryol.
764 3689 843 3751 univ.
867 3687 908 3766 ll,
932 3707 959 3768 p.
983 3683 1056 3751 494.

19 3809 91 3855 onam
110 3797 288 3876 ptumorum
311 3795 411 3857 llnnw.
435 3795 524 3876 Stirp.
547 3799 701 3875 exparte.

19 3915 35 3956 r.
54 3900 246 3962 salebrosum
268 3899 362 3963 lloorr.
386 3906 416 3962 et
439 3899 522 3962 Trai.
546 3898 638 3962 bluso.
658 3896 730 3961 Brit.

19 4001 112 4082 telptlr.
135 4005 317 4085 plnreomam
338 4002 389 4066 Ba.
413 4011 444 4065 ct
466 4004 530 4067 Scn.
553 4003 653 4084 Bryol.
677 4021 741 4065 eur.

19 4123 34 4166 r.
59 4109 235 4186 glareosum
271 4107 366 4170 llaocn
403 4109 433 4170 in
468 4106 571 4171 scbcd.
618 4107 649 4169 G.
683 4107 805 4170 lltnnnu.
840 4107 967 4187 Synops.
1020 4105 1143 4167 Wnsoa

79 4209 177 4294 brpol.
203 4211 276 4274 Brit.

42 4331 135 4398 liubit.
159 4335 191 4397 in
209 4334 362 4416 glareosis
379 4341 410 4396 et
425 4333 618 4418 grarninosis,
636 4333 796 4416 praecipue
813 4330 849 4394 ad
866 4348 997 4414 aggeres
1015 4329 1141 4392 viarum-

19 4439 188 4520 margines,
205 4439 237 4500 in
261 4438 370 4520 apricis
387 4437 505 4501 incultis
522 4456 577 4520 per
591 4455 695 4502 zonam
712 4435 919 4499 intermediam
935 4434 1012 4498 baud
1031 4453 1139 4510 rarum,

19 4535 101 4603 insin
124 4542 357 4625 septentrionali
380 4549 472 4625 atque
496 4539 694 4620 meridionali,
718 4540 895 4622 plerumque
919 4538 1033 4602 sterile.
