3122 5362
476 421 645 479 Watslaceac.
1115 413 1158 480 ὅθ

28 593 196 678 lllsntatum,
217 593 326 660 dentes
349 595 416 661 basi
439 593 629 661 conduentes
654 603 780 683 anpune
803 593 960 659 lanceolnti
984 604 1012 659 et
1035 593 1158 661 lanceo-

26 701 186 782 itenlulati,
214 701 370 766 rarissime
399 703 527 787 integri,
557 702 734 786 plerumque
763 701 800 766 ad
829 698 959 764 inedium
983 708 1015 764 et
1036 703 1156 785 paulum

26 805 70 868 ila
85 825 140 868 raro
159 805 193 869 ad
214 806 301 870 ltasin
325 823 423 888 usque
447 807 476 868 in
499 824 588 870 crura
612 806 673 870 duo
696 806 792 870 soluta
822 805 990 887 inaequalia
1018 805 1155 870 subulata

26 911 88 990 lepre
105 907 234 991 disposita
258 917 291 974 ut
313 911 481 993 anpcsnmt
504 912 662 994 angustius
686 911 775 975 vicini
799 909 899 972 dentis
923 917 954 972 et
975 927 1067 992 porro
1089 913 1157 974 uice

26 1031 76 1076 ran
92 1015 275 1096 respondeat,
298 1034 316 1078 e
340 1015 449 1080 lamina
472 1013 583 1098 duplici
606 1014 774 1096 ellormati,
804 1033 844 1078 ex
866 1020 991 1077 enterna
1016 1017 1157 1081 tenuiore

25 1119 285 1198 meruleto-strictae
307 1127 353 1183 sat
376 1120 533 1184 confertim
557 1119 648 1184 lineis
671 1118 946 1184 commissuralibus
962 1109 1041 1182 haud
1064 1121 1156 1186 inter·

25 1223 78 1302 npt'u
95 1223 232 1288 articulata
256 1225 324 1288 sine
346 1225 425 1287 linea
450 1223 620 1304 divisuroli,
645 1243 684 1286 ex
706 1225 824 1286 interna
846 1224 998 1287 crassiore
1023 1225 1157 1290 auranlia

25 1325 66 1389 ies
82 1325 216 1392 dirisurali
248 1328 368 1414 singula
398 1327 446 1390 vel
470 1327 579 1409 duplici
610 1333 751 1406 exarata,
785 1327 947 1393 trabeculis
982 1329 1157 1410 prominulis

25 1431 99 1492 mnis
122 1433 211 1497 semel
239 1433 289 1496 vel
319 1432 365 1495 bis
393 1431 569 1514 interruptis
597 1440 687 1514 atque
715 1431 949 1512 alternantibus3
978 1431 1063 1496 color
1085 1449 1156 1514 pur-

25 1551 89 1598 srnu
112 1537 161 1600 sul
182 1538 394 1620 micrnscopio
423 1544 558 1601 saturata
588 1538 752 1602 aurantius.
798 1535 996 1619 Sporangium
1031 1536 1158 1602 liberum
1195 1610 1201 1622 ,

24 1641 115 1718 mlle
135 1642 198 1723 plus
220 1645 320 1706 minus
343 1642 526 1725 contiguum.

70 1745 207 1810 llcls'tctr’c
246 1747 403 1811 terrestris
436 1754 468 1810 et
499 1747 648 1828 rupestris
682 1759 753 1810 raro
785 1743 822 1808 ad
857 1745 997 1810 arborum
1033 1751 1159 1810 truncos

24 1861 113 1910 m·
586 1853 589 1862 .

265 1991 345 2054 Sect.
368 1989 393 2052 1.
439 1987 662 2052 Dicrcnece
687 1989 855 2070 spuriae.

69 2127 132 2194 lolia
161 2147 300 2213 superne
330 2125 474 2210 papillosa
504 2125 590 2190 valde
621 2123 861 2210 chlorophyllosa
891 2125 1011 2210 relique
1046 2129 1160 2192 minuto

23 2229 122 2310 patrato

327 2423 403 2487 cen.
436 2396 470 2488 ιζ
510 2419 793 2488 omononnun.

70 2560 174 2628 Plantae
204 2563 578 2648 pulvinatoeaespitosae,
609 2563 760 2647 caespites
790 2563 905 2628 molles.
952 2563 1052 2628 (lautis
1075 2561 1160 2627 inno-

22 2662 77 2726 mdo
97 2685 242 2750 ramosus,
266 2669 472 2750 rudiculosas,
495 2669 780 2733 flexuoso-erectus.
826 2668 907 2732 Folia
929 2667 1030 2752 longa,
1054 2685 1161 2734 ascen·

22 2755 80 2830 latr
97 2776 218 2857 najara,
243 2775 331 2857 apice
355 2773 577 2838 innovationum
605 2772 771 2854 cernentia,
796 2771 1057 2854 flexuoso-patula,
1081 2773 1160 2838 sicca

22 2869 116 2956 spru,
137 2877 436 2959 ducati-tanceotata,
471 2869 606 2961 margine
637 2877 751 2960 apicem
780 2894 889 2940 versus
922 2876 1078 2941 crenulatc
1113 2877 1161 2942 vel

22 2987 91 3040 sune
104 2981 290 3063 denticulata,
314 2988 398 3046 costa
417 2983 561 3046 subtereti
587 2984 743 3059 instructa,
767 2982 1057 3062 uariante-concava,
1082 3001 1161 3046 mar-

22 3077 184 3158 t'uerecurva
208 3089 260 3152 vel
284 3087 416 3168 rellexa,
450 3085 582 3167 viridia,
607 3104 717 3170 opaca,
749 3085 817 3167 plus
846 3087 982 3149 minusue
1005 3087 1160 3170 papillosa,
1240 3093 1248 3107 ²

22 3183 92 3249 ulum
111 3191 272 3275 spiralibus
296 3191 417 3256 minutis
440 3192 592 3275 quadratis
615 3188 701 3255 valde
733 3189 998 3273 cltlorophyllosis,
1026 3191 1161 3254 basilari·

23 3281 354 3382 &lampone-oblongis
370 3297 524 3362 latioribus
541 3315 599 3359 seu
613 3295 848 3380 angustioribus,
865 3293 1159 3378 sntecttorophytto-

25 3387 54 3450 fit
78 3397 166 3463 liores
188 3401 335 3483 monoici,
367 3402 524 3485 utriusque
553 3419 646 3464 sexus
674 3399 849 3464 terminales
872 3407 961 3482 atque
985 3399 1157 3482 gemmifer·

25 3511 67 3559 ltt.
92 3505 218 3588 Calyptra
243 3507 520 3588 inlato-cucullata,
543 3505 714 3591 majuscula.
752 3504 879 3589 Gapsola
900 3504 959 3568 alte
975 3503 1160 3587 pedtcettata,

22 3612 82 3667 “aa
100 3613 141 3676 sel
162 3613 355 3692 subincurva,
372 3611 476 3706 uvalis,
500 3610 640 3694 oblonga,
664 3610 743 3673 collo
763 3593 848 3672 brevi
870 3609 1001 3692 regulari
1017 3611 1066 3672 vel
1082 3617 1160 3672 stru-

22 3719 74 3771 taso
96 3713 245 3796 instructa,
286 3715 422 3778 unicolor
450 3715 497 3778 vel
526 3715 629 3778 striata
652 3714 791 3796 siccaque
814 3714 935 3779 sulcata.
981 3713 1161 3797 operculum

22 3805 220 3894 lllquirostmm.
261 3821 401 3884 Annulus
424 3827 626 3905 perangustus
649 3817 697 3882 vel
720 3817 826 3884 nullus.
864 3819 1031 3883 Peristomii
1053 3819 1161 3883 dentes

22 3907 144 4004 matun,
174 3927 204 3990 ia
236 3943 328 3988 cntra
358 3924 418 3988 duo
450 3922 617 4007 inaequalia
645 3921 725 3985 bifidi
757 3922 834 3986 haud
867 3941 938 3988 raro
968 3943 1161 4009 summopere

22 4009 170 4109 mperes,
193 4036 459 4112 purpurascentes.
504 4027 652 4093 Habitatio
674 4028 832 4111 rupestris.

22 4135 152 4230 lam
175 4152 382 4235 memma,
406 4151 609 4232 elapsam
630 4151 753 4214 anctos.

76 4268 161 4334 Genus
190 4276 361 4360 ambiguum
390 4275 460 4340 lrinc
488 4275 606 4340 Weisr'r‘a
637 4291 709 4338 sese
740 4273 909 4358 adjungens
940 4283 971 4338 et
999 4275 1079 4341 inter
1106 4277 1161 4342 has

22 4365 304 4464 demereantur,
326 4382 406 4446 illinc
428 4382 588 4459 Dicrcnia,
610 4380 785 4464 praeprimis
801 4381 950 4446 Dicrcnis
965 4383 1161 4446 ortdotlrecils

22 4480 139 4546 nonnulis.
171 4487 276 4554 niuea
297 4507 314 4552 a
338 4489 471 4552 aaran
494 4485 626 4568 calpptra
649 4483 924 4566 inflato-cucullata,
948 4487 1068 4569 capsula
1082 4485 1159 4550 collo

22 4575 87 4646 rotila
109 4590 238 4656 tumidulo
259 4593 383 4674 saepius
414 4600 566 4658 strumoso
589 4592 751 4672 iusuacta,
782 4591 946 4674 peristomii
968 4591 1108 4655 deantur
1130 4591 1160 4652 ia
