3238 5352
407 373 485 430 utut
659 327 663 340 ι
926 375 1090 432 turonum

408 567 467 612 nee
488 567 559 614 raro
581 550 711 631 pituitam
734 549 903 614 milliarium
918 553 1016 632 spatio
1031 553 1214 634 caespitibus
1229 553 1293 616 auis
1308 550 1486 630 obiacentia,
1505 547 1568 612 nnio

408 651 577 735 hujusmodi
604 651 730 734 miudes
758 655 937 735 Spbopneto
966 657 1167 722 nominantur.
1218 657 1299 720 iuter
1327 657 1467 738 Spbapau
1491 653 1569 732 bospi-

407 757 499 822 tnutia
514 757 718 840 reperiuntur,
742 759 914 823 Dicroaum
927 760 1116 840 nouolutum,
1136 763 1286 842 palustre,
1301 760 1481 842 acoponn'am
1500 757 1571 836 Hyp·

408 884 480 930 aare
493 869 601 942 atnoe,
623 866 832 944 stramineum,
855 865 1022 945 trifariam,
1044 865 1215 944 anonimo,
1238 867 1402 944 Marum,
1423 863 1469 928 nbi
1482 877 1571 942 aquoso

409 975 480 1034 sunt
499 968 644 1050 Hypatam
666 969 863 1050 cordisoliam
889 976 921 1032 et
946 967 1089 1048 licitam
1117 970 1231 1034 licerio
1259 972 1424 1052 ὶυηρίιοεα,
1449 963 1572 1038 iusticie,

409 1073 589 1150 Aiboetinii,
617 1072 668 1136 ubi
695 1071 806 1136 teriam
829 1071 990 1137 efformem
1012 1073 1222 1156 Compyiopas
1243 1075 1415 1156 torfucaaa,
1441 1072 1574 1134 miae

410 1179 547 1242 masuam
574 1179 775 1258 toopiroctrc,
806 1179 989 1242 Moneta
1011 1180 1201 1244 cernicatam
1226 1197 1305 1262 quae
1333 1178 1478 1242 fossarum
1502 1175 1576 1236 latera

409 1281 488 1346 baud
509 1299 580 1346 raro
602 1283 725 1346 omnino
748 1281 881 1364 obducit,
904 1284 1113 1365 Potytricnana
1134 1285 1252 1365 predic
1275 1289 1306 1345 et
1320 1284 1464 1358 summ,
1483 1277 1582 1358 Rapui

409 1393 522 1450 natum
544 1403 571 1449 r.
589 1386 779 1466 inopinatam,
802 1387 991 1468 Sptocbaum
1011 1388 1245 1468 ompoiluccom,
1267 1385 1413 1468 nppm
1431 1381 1576 1448 scircbcm

409 1490 552 1572 Europae
575 1490 823 1572 septentrionalis
846 1491 1012 1576 spbagucta
1042 1491 1150 1556 ditiore
1181 1489 1256 1554 bora
1278 1490 1451 1574 bronogiea
1472 1485 1579 1572 gauderi

413 1611 502 1675 quam
536 1592 671 1674 mediae,
705 1595 867 1677 speciebus
895 1613 987 1678 supra
1016 1597 1177 1660 nominatis
1208 1593 1414 1678 adiunpnmtur
1445 1587 1580 1656 renutu

412 1717 595 1780 apwrroam
619 1699 805 1764 Cincir'dt'am
825 1702 974 1782 stupiaun,
995 1703 1112 1766 Maiam
1133 1702 1365 1782 subploboaaan,
1388 1695 1583 1766 mnobdioidnr

412 1799 529 1884 Bryant
556 1803 704 1880 lomina,
736 1804 916 1885 iotisoiiam,
949 1807 1184 1888 cpciopbpitnm¹
1212 1805 1413 1886 attpmoaam,
1449 1800 1583 1866 ntotciaa

413 1904 597 1983 Blandoaoii,
619 1905 792 1968 Dimunum
812 1908 925 1986 virm,
948 1910 1131 1990 cioapotuam
1153 1911 1373 1990 Ootoccopa'sn
1393 1909 1544 1990 monitat,
1561 1907 1583 1962 ti

412 2028 480 2074 cum
502 2010 654 2074 substrata
676 2011 812 2074 animalia
828 2009 938 2075 adsunt
952 2013 1111 2094 Sptocina
1131 2014 1243 2094 omnia,
1270 2013 1478 2095 Tetraptodoa
1490 2007 1583 2074 mani

413 2117 466 2180 uec
489 2123 520 2178 et
542 2123 733 2196 capuciatus.

498 2219 530 2282 ln
552 2218 656 2282 rivulis
678 2220 888 2302 anunibnsque,
904 2238 972 2284 cum
995 2221 1024 2284 iu
1047 2220 1135 2284 aiuco
1156 2219 1282 2283 siliceae
1297 2219 1487 2285 formationis
1501 2218 1584 2288 inunt

413 2323 592 2390 noemma
613 2331 646 2386 et
667 2325 905 2404 septentrionem
926 2341 1037 2388 versus
1064 2325 1277 2404 Dicbcipmetc
1305 2325 1424 2405 vivunt,
1454 2325 1483 2386 iu
1513 2319 1584 2384 atteia

414 2428 602 2492 iormationia
625 2427 772 2490 calcariae
795 2433 896 2490 autem
916 2426 1169 2500 Fontiaoicorom
1191 2427 1289 2490 iocum
1306 2429 1475 2494 Cinciidoti
1495 2429 1584 2490 tenen.

500 2529 587 2613 Aqua
614 2532 695 2594 salsa
723 2529 835 2594 nubum
862 2530 913 2594 alit
935 2549 1088 2611 muscum,
1119 2538 1150 2594 et
1178 2549 1237 2595 una
1265 2531 1457 2596 solummodo
1478 2529 1584 2613 species

415 2635 563 2700 Grinario
591 2636 763 2714 mnaso,
795 2634 927 2716 scopulis
955 2635 1110 2698 maritimis
1139 2636 1261 2718 propria
1283 2643 1348 2717 est3
1381 2638 1464 2702 inter
1490 2645 1585 2704 muron

416 2745 583 2803 terrestres
607 2738 672 2803 sola
694 2739 799 2804 Pottio
819 2739 933 2802 rimata·
954 2738 1020 2802 loca
1042 2737 1164 2804 saliiern
1186 2757 1259 2823 prae
1281 2742 1414 2806 cacteris
1436 2746 1522 2806 amat.

947 2930 1017 3011 bap.
1042 2929 1075 2996 ii.

418 3069 476 3142 De
503 3069 607 3143 sedis
635 3078 768 3144 natura
795 3071 856 3142 vei
884 3071 1053 3142 cbomica
1082 3071 1142 3142 vei
1171 3071 1392 3144 mechanico
1422 3063 1585 3166 atquem

416 3189 502 3286 ejus
531 3193 566 3263 vi
594 3213 805 3266 muscornm
840 3189 1141 3264 distributionem
1177 3191 1215 3262 in
1256 3199 1382 3266 terrae
1410 3185 1585 3289 supcrbci

897 3313 1126 3386 moderandi.

503 3469 569 3534 Nou
596 3485 702 3532 ornnes
731 3468 761 3532 iu
789 3469 871 3532 omni
898 3467 973 3530 sede
1001 3469 1181 3550 proveniunt
1209 3469 1322 3550 musci,
1357 3469 1450 3534 alteri
1478 3467 1510 3532 in
1537 3459 1583 3528 scd

417 3574 610 3655 reperiuntur
625 3573 810 3656 mergamus,
826 3573 913 3635 atteri
928 3571 1206 3654 insedeorganica,
1223 3573 1320 3656 etqui
1335 3573 1517 3656 corporibus
1533 3573 1585 3632 inor

418 3679 534 3760 garricis
555 3678 762 3756 innascuntur,
785 3677 864 3740 inter
886 3675 961 3740 baec
983 3695 1063 3741 nunc
1084 3661 1181 3742 silicia
1197 3695 1276 3742 nuno
1298 3677 1449 3760 calcanea,
1472 3675 1585 3760 argiiios

418 3782 466 3845 uei
486 3798 646 3860 areuacea,
669 3783 922 3866 aggregatione
945 3781 1166 3867 desaggmgnta
1189 3788 1305 3862 amnnt3
1329 3785 1380 3864 qui
1402 3785 1437 3846 in
1458 3777 1585 3866 organici

418 3885 586 3968 hospitunt,
610 3885 699 3948 mode
721 3885 788 3948 viva
811 3885 899 3948 modo
922 3893 1060 3951 emortua
1083 3885 1120 3950 ad
1144 3885 1327 3950 domicilium
1349 3885 1486 3970 eligunt3
1514 3889 1585 3946 caete

419 4007 485 4052 rum
508 4006 570 4052 non
591 4006 703 4071 paucae
731 3995 802 4052 suut
828 3989 965 4071 species,
994 4007 1071 4072 qnae
1098 3989 1174 4054 sede
1201 4007 1219 4052 e
1242 3990 1419 4054 substantiis
1449 3999 1511 4054 tam
1533 3989 1585 4050 inor

419 4094 535 4174 panicio
562 4111 650 4176 quam
678 4093 831 4170 organicis
859 4096 1022 4176 composita
1044 4095 1241 4160 delectantur.
1287 4095 1333 4159 De
1364 4097 1535 4160 rationibus
1567 4093 1585 4152 b

419 4197 580 4280 nepemndi
602 4197 744 4279 divorsis,
768 4199 798 4260 in
820 4198 950 4263 diuersis
973 4200 1166 4264 tractabimus
1187 4197 1393 4283 paragraphis.
