3104 5364
916 356 1071 410 reataeaaa.

761 530 842 597 snt.
862 531 921 598 111.
967 533 1228 596 Consulatus.

480 667 600 734 Plantae
617 669 714 733 dense
731 671 945 752 caespitantes,
966 669 1050 735 'toliis
1066 671 1145 734 laete
1161 671 1209 733 vel
1231 667 1478 744 luteo-viridibus,
1494 685 1520 726 ra

394 769 661 856 cbloropbyllosis,
691 773 829 837 siccitate
853 773 987 837 incurvis
1011 775 1058 837 vel
1082 774 1250 854 tortilibus,
1283 774 1350 837 basi
1373 773 1462 837 laxius
1481 779 1511 832 te.

395 875 660 959 periebaetialibus
675 879 889 962 saginantibus
906 881 954 942 vel
977 880 1158 959 convolutis,
1184 877 1311 943 boribus
1335 878 1448 956 diuisis,
1468 893 1495 937 ra

396 997 502 1066 parra,
526 999 565 1044 ex
588 991 676 1047 ovato
700 991 876 1066 angustata,
900 983 1056 1064 brunnen,
1080 982 1231 1066 pedicello
1254 985 1407 1062 siccitate,
1428 989 1457 1043 ut
1475 979 1528 1040 inl

397 1088 575 1169 guiculatis,
599 1087 793 1153 dextrorsum
815 1097 915 1168 torto,
939 1089 1106 1173 peristomii
1129 1087 1272 1152 dentibus
1295 1087 1476 1174 longissimis
1500 1083 1521 1144 lu

396 1193 433 1256 ad
456 1195 552 1258 instar
574 1195 732 1275 contortis,
756 1195 926 1276 purpureis.

797 1385 841 1453 44.
884 1385 1018 1453 barbaltt
1037 1385 1197 1468 pelndose.

869 1525 1013 1580 Smwman
1034 1523 1123 1594 suppl.

488 1646 711 1727 Gracilescens,
736 1646 875 1712 bumilior
891 1649 938 1712 vel
962 1644 1051 1728 elata,
1075 1649 1104 1710 in
1121 1648 1272 1730 caespites
1288 1645 1487 1710 condensatos

397 1749 474 1813 calis
497 1749 644 1833 implexos
666 1767 798 1832 superne
821 1752 900 1815 laete
922 1751 1036 1816 virides
1064 1752 1183 1815 interne
1207 1747 1292 1813 relos
1317 1755 1470 1831 congesta.
1500 1745 1514 1806 i

398 1856 666 1937 erecto-patentia,
697 1853 1014 1937 lineali-lanceolata,
1046 1865 1149 1937 acuta,
1181 1856 1267 1938 apice
1298 1853 1412 1918 subtile
1439 1869 1471 1914 se

397 1955 520 2021 dimidio
543 1959 702 2041 superiore
717 1967 806 2022 acute
821 1961 965 2041 carinam,
990 1961 1127 2046 margine
1149 1959 1253 2043 plana3
1277 1955 1491 2042 perlcbaetialla

398 2061 509 2143 nantia,
531 2063 681 2142 tenuiora,
705 2061 877 2128 distinctius
900 2073 1026 2130 serrata.
1066 2065 1206 2146 Calyptra
1231 2059 1268 2125 ad
1293 2061 1428 2126 mediam
1448 2079 1492 2142 cap

398 2173 430 2230 et
458 2166 535 2230 inlra
565 2166 746 2250 procedens.
792 2167 922 2250 Capsula
955 2169 986 2232 in
1010 2167 1159 2252 pedicello
1184 2165 1385 2231 sabttemmo
1407 2163 1506 2229 interna

398 2267 479 2335 bello
501 2285 633 2353 superne
657 2270 843 2334 flavescente
866 2277 987 2362 erecta,
1017 2291 1057 2334 ex
1086 2279 1175 2335 orato
1196 2271 1350 2353 oblonga,
1380 2267 1507 2353 reputata

400 2374 538 2455 carrula,
567 2374 681 2456 solida,
715 2375 809 2440 badla.
872 2375 1054 2458 operculum
1093 2375 1234 2458 capsulae
1269 2373 1339 2438 lere
1378 2373 1470 2454 aequit

398 2477 536 2543 Anrnrlus
565 2479 819 2565 angustissimus,
848 2479 1028 2562 persistens.
1074 2477 1244 2543 Peristomii
1276 2477 1392 2542 dentes
1421 2477 1430 2541 l
1484 2469 1519 2486 ''

399 2588 566 2666 quaterque
589 2589 674 2648 arcte
695 2584 834 2646 contorti.
872 2583 921 2646 Br.
945 2601 1011 2648 eur.
1034 2583 1068 2666 ii,
1092 2580 1216 2649 ’4.144.

400 2703 436 2768 Β.
459 2705 627 2788 paludosa,
651 2703 737 2768 caule
760 2706 853 2790 longo
867 2721 988 2770 ramoso
1013 2705 1176 2790 lastigiato,
1200 2705 1279 2768 loliis
1303 2703 1501 2770 lanceolatiss

530 2810 649 2892 patulis,
673 2808 760 2873 theca
776 2817 874 2888 ovam,
897 2811 1043 2893 operctdo
1065 2811 1158 2895 longo
1182 2815 1316 2874 curvato.
1350 2805 1501 2873 mi

529 2911 866 2996 meffiffl

444 3020 569 3084 Sonuere
592 3017 725 3081 Recens.
769 3016 851 3082 Bam.
876 3016 1030 3082 linurin.
1076 3017 1170 3083 licon
1194 3026 1225 3081 et
1247 3017 1341 3083 Gara.
1364 3016 1464 3084 Edinb.
1481 3011 1510 3076 ln

529 3118 576 3186 lla
596 3121 705 3186 liornu.
730 3123 818 3204 Speo.
842 3130 873 3186 ct
897 3123 967 3205 Syll.
1013 3121 1044 3190 G.
1068 3122 1156 3187 ltus.
1181 3124 1252 3205 Syn.

400 3227 541 3293 Barbula
562 3245 676 3292 croceo
697 3225 778 3292 Rara.
803 3225 891 3290 liant.
937 3227 1020 3290 Wm.
1044 3234 1076 3290 et
1098 3227 1182 3300 mm
1205 3227 1270 3292 Bot.
1294 3225 1407 3292 'l'asoln

398 3336 468 3398 Var.
484 3337 514 3410 β.
530 3332 706 3412 Fanbimo,
729 3333 881 3412 humilior,
905 3331 1057 3415 gracilior,
1074 3331 1270 3414 subsimplex,
1295 3331 1379 3397 loliis
1394 3329 1472 3394 bren

531 3435 654 3520 capsula
678 3437 805 3516 minore,
829 3435 974 3518 operculo
995 3453 1051 3518 pro
1074 3437 1190 3500 ratione
1213 3436 1368 3521 longiore.

399 3539 436 3606 li.
458 3539 633 3622 ramosa,
657 3541 743 3604 caule
764 3539 870 3622 gracili
893 3540 1084 3622 subraucum
1109 3541 1188 3604 loliis
1203 3537 1477 3606 emto-lanoeolatis

530 3646 671 3709 caminatis
694 3645 835 3710 comanis
859 3645 995 3728 margine
1026 3645 1122 3728 planis
1154 3645 1406 3728 erecto-patulis,
1433 3643 1502 3705 lbera

530 3748 620 3834 longa
651 3757 790 3830 arcuata,
823 3747 968 3833 operculo
998 3749 1147 3816 subulato.
1193 3751 1321 3814 Βωυιτι
1350 3749 1471 3814 umas

530 3855 565 3919 ll.
588 3851 642 3934 26,
665 3854 736 3918 lab.
753 3852 810 3918 33.
848 3854 930 3918 Bam
954 3854 1053 3937 Brpol.
1076 3855 1157 3918 unia.

488 3975 590 4040 litabit.
614 3976 644 4041 in
667 3974 746 4056 udis,
769 3977 948 4059 praeprimis
964 3975 1111 4042 calcareia
1134 3973 1280 4058 lapidosis
1303 3993 1362 4060 por
1376 3973 1480 4058 uuna

401 4095 490 4142 onam
523 4081 719 4145 interiorem:
749 4080 872 4164 copiosa
901 4088 950 4144 est
985 4081 1016 4142 in
1044 4065 1188 4144 dustriae
1221 4097 1344 4164 super„
1430 4079 1437 4092 '
1512 4067 1517 4080 '

400 4183 556 4266 bavariae,
579 4185 676 4249 rarior
698 4187 729 4249 in
745 4185 901 4250 lialuctlae
923 4183 1049 4269 Alpibus
1072 4187 1218 4252 calcaneis
1248 4193 1280 4250 st
1307 4187 1339 4250 ira
1362 4179 1494 4248 nonusis

401 4287 539 4352 mationis
563 4285 720 4372 Ncpctllue
748 4295 779 4352 et
801 4289 935 4355 libiosae
963 4288 1073 4356 dictae.
1119 4291 1216 4376 Prope
1240 4287 1425 4356 llonacbimn
1451 4289 1509 4346 slrn

401 4391 504 4474 reperi
525 4390 563 4457 ad
585 4391 664 4476 ripas
686 4391 716 4456 b
738 4391 825 4475 laur,
855 4393 984 4459 lertilem
1011 4395 1042 4459 in
1064 4395 1162 4462 vicina
1190 4395 1274 4480 sylva
1299 4387 1501 4458 damassi·

403 4497 550 4582 Smuaasa
572 4499 655 4583 legit.
701 4499 897 4565 Desideratur
922 4503 952 4564 in
975 4501 1085 4584 Anglia
1108 4509 1200 4586 utque
1225 4503 1256 4564 in
1283 4497 1474 4566 scandinavia.
