3144 5366
517 401 722 454 Andreaeaceae.
1152 395 1218 456 m

111 577 211 642 lichit.
242 578 272 639 in
303 577 449 642 montosis
479 577 633 657 sylvaticis
671 578 833 658 praecipue
871 575 1099 638 humidiusculis
1136 577 1216 640 inter

33 685 186 748 Uellsnent
206 683 287 762 only.
311 688 343 744 et
369 682 548 749 Vucclm'ttm
570 681 754 763 llyrtr'llsem,
778 679 870 742 sociis
894 680 963 762 upt.
986 681 1163 762 splendente
1184 687 1216 744 et

32 791 169 871 triquetro
191 793 248 850 etc.
271 803 327 869 per
348 792 440 850 totam
462 785 611 868 Europam
634 785 709 851 satis
733 801 901 851 commune.
1168 803 1175 814 ·

106 891 210 956 umet.
231 899 343 954 mator.
365 889 474 972 hyeme
498 897 530 954 et
552 891 648 971 primo
671 907 756 952 vere.

91 1013 180 1066 Dillcrt
197 1030 212 1066 a
230 1013 403 1088 praecedente
421 1011 493 1066 caule
511 1011 631 1080 longiore
648 1010 764 1065 flexuoso
782 1020 910 1079 prostrato
928 1020 955 1062 et
972 1012 1040 1062 inter
1062 1011 1154 1064 herbas
1173 1011 1214 1067 vel

27 1119 120 1154 muscos
138 1112 264 1170 reptante,
282 1101 351 1155 follis
370 1101 598 1156 falcato-secundis
616 1102 690 1168 spice
709 1099 836 1154 subulatis
853 1097 1013 1152 mollioribus
1026 1098 1104 1169 uulgo
1116 1102 1213 1169 griseo-

30 1190 160 1258 viridihns,
191 1189 299 1258 capsula
329 1190 448 1242 breviore
472 1188 639 1258 subglobosa.
675 1189 736 1242 Tota
763 1188 849 1257 plenta
874 1187 978 1240 mollior
1006 1198 1046 1240 est
1077 1198 1102 1240 ct
1133 1189 1214 1256 magis

479 1490 672 1498 .-——-·-·—.-

468 1699 617 1782 tlrdo
637 1701 757 1782 ΙΙΙ.

382 1851 523 1940 Musei
557 1851 849 1966 schizocarpi.

101 2026 231 2110 Capsula
254 2025 379 2090 valvulis
402 2033 532 2108 quatuor
552 2023 636 2108 apice
660 2021 798 2088 connatis
821 2023 994 2088 dehiscens.

541 2231 676 2318 intus.

329 2349 333 2354 ⁵
362 2403 857 2482 ⁴rrurmrmunermu.

99 2563 197 2628 hlusci
219 2565 373 2647 acromrpi
394 2565 453 2628 sub
477 2565 561 2647 apice
594 2565 729 2629 florifero
761 2566 955 2646 innovantes,
991 2572 1089 2628 aetate
1121 2565 1207 2628 inno-

17 2671 184 2733 vationibus
207 2668 299 2751 vulgo
329 2669 437 2734 binatis
470 2670 585 2752 pluries
616 2669 786 2790 dichotpme
819 2687 975 2750 ramosae,
1010 2677 1132 2733 erectae
1162 2671 1209 2734 vel

16 2773 264 2856 procumbentes,
296 2774 473 2857 plerumque
497 2776 631 2838 siccitate
660 2738 751 2860 rigidi
781 2775 922 2858 fragiles,
954 2781 1071 2838 textura
1100 2774 1207 2854 solida,

16 2878 113 2943 miore
140 2877 249 2940 lusco·
257 2878 408 2957 oliveceo‚
439 2878 529 2941 rufo·
530 2875 635 2957 badio,
659 2879 826 2961 nigricante
851 2885 881 2941 et
904 2877 1051 2960 profunde
1075 2879 1171 2943 atro
1163 2897 1208 2940 ιη-

14 2985 133 3068 signes,
170 2979 310 3049 radicuiis
342 2984 429 3047 roris.
474 2983 556 3046 folla
580 2983 746 3047 secundum
775 2983 841 3047 ord.
865 2982 907 3066 Ἃ,
931 2989 963 3046 et
986 2983 1027 3066 ll,
1050 2981 1208 3066 disposita,

14 3087 147 3172 undique
170 3084 302 3169 patentia
325 3085 373 3148 vel
395 3087 547 3167 secunda,
580 3093 695 3150 castata
724 3096 755 3150 et
784 3093 932 3168 ecoststa,
966 3088 1089 3169 saepius
1120 3086 1207 3149 valde

13 3191 166 3273 pupillosa,
191 3189 424 3270 diversiformia,
449 3191 661 3272 crassiuscula,
684 3190 833 3254 ecellulis
850 3191 970 3254 minutis
993 3190 1080 3254 valde
1095 3192 1206 3274 pachy-

12 3295 122 3359 dermis
147 3295 204 3358 suh
229 3295 427 3377 microscopio
458 3295 582 3378 pulchre
613 3295 832 3358 lutescentibus
863 3280 895 3356 et
922 3295 1023 3359 aureis
1053 3303 1206 3361 exstructa

12 3401 131 3466 areolas
157 3398 359 3462 efficientibus
382 3401 441 3463 reti
464 3417 570 3464 crasso
593 3399 739 3478 inclusas,
764 3417 895 3481 superne
920 3401 1207 3484 angelosopuncti-

11 3505 122 3568 formes
146 3504 196 3568 vel
218 3503 581 3587 mlundato-hexagones,
604 3505 724 3566 inferne
740 3502 1109 3590 hexagono-rectnngulas
1127 3505 1205 3570 haud

9 3627 78 3675 raro
111 3608 233 3672 utriculi
264 3609 464 3689 primordialis
495 3610 701 3674 contractione
732 3617 908 3692 angustatus
931 3619 962 3674 ct
982 3618 1016 3673 ut
1045 3612 1076 3674 in
1098 3611 1206 3675 Recc-

9 3717 120 3779 nitriie
144 3713 293 3778 sinuosas.
339 3711 444 3778 flores
468 3715 625 3796 utriusque
641 3729 734 3777 sexus
751 3714 988 3797 gemmiformes,
1011 3716 1204 3797 terminalem

9 3819 139 3884 masculi
162 3817 193 3880 in
215 3817 459 3882 innovationibus
482 3819 610 3900 propriis
632 3815 752 3901 plantae
768 3815 918 3882 femineae
934 3820 1059 3900 copiosi,
1082 3837 1153 3884 raro
1174 3822 1205 3883 in

8 3923 118 4004 plantis
142 3921 300 3986 distinctis.
338 3919 478 4003 Galyptra
495 3922 708 3988 mitraeformis
724 3924 890 4006 pertenuis,
915 3923 980 3986 basi
994 3924 1206 4006 irregulariter

6 4025 233 4106 circumscisss,
258 4025 398 4108 capsulae
422 4033 503 4090 arcte
526 4027 705 4092 adhaerens.
752 4027 879 4110 Capsula
903 4028 1060 4110 usquead
1084 4031 1204 4093 maturi-

7 4135 97 4194 tatem
121 4129 259 4209 sessilis,
293 4130 478 4210 psrichaetio
500 4149 609 4216 magno
632 4133 789 4211 immersa,
821 4139 928 4214 postea
957 4134 988 4195 in
1010 4134 1204 4216 receptaculo

6 4237 151 4318 elongato
174 4234 255 4298 molli
277 4233 530 4318 (pseudopcdio),
554 4247 586 4301 ut
608 4237 638 4300 in
661 4237 835 4319 Sphnpnis,
860 4245 998 4315 exserta,
1030 4245 1062 4301 et
1082 4237 1203 4301 demum

6 4339 98 4404 valvis
123 4345 254 4422 memor
276 4357 346 4402 mro
369 4355 427 4402 sex
448 4341 533 4424 apice
556 4343 694 4406 connatis
717 4340 893 4422 dehiscens,
925 4342 1082 4406 columella
1105 4359 1203 4424 usque

6 4445 34 4504 in
59 4443 178 4525 apicem
200 4451 383 4528 assurgente
407 4451 438 4506 et
459 4443 539 4508 eollo
562 4445 660 4510 solido
690 4447 851 4527 instructa,
874 4445 1089 4529 poehydsrma,
1114 4457 1202 4510 extus

6 4565 22 4606 e
55 4545 179 4610 cellulis
205 4545 305 4679 longis
341 4547 549 4631 pachydermis
582 4550 721 4614 mollibus
756 4549 920 4616 efformata.
967 4551 1080 4632 Sporae
1105 4553 1201 4612 ferru

939 4673 994 4724 tu
