3080 5370
500 411 654 465 tartareae.
1105 403 1167 466 m

14 587 52 646 nla
70 586 147 648 mlta
170 589 324 672 elongata,
348 587 539 671 cylindracee
564 586 754 664 sultareuate,
774 583 925 663 murm,
948 584 1094 667 opereat>
1116 603 1168 647 on·

14 693 203 771 ptolomaico,
228 693 340 755 annulo
362 691 506 774 eduplici
529 691 611 754 serie
627 689 803 755 cellularum
818 689 1008 770 parvularum
1032 688 1168 754 tornato.

13 797 139 858 ’eristomii
155 796 248 858 tubus
264 794 471 879 longlstlmm,
494 795 604 877 pallide
619 791 762 858 rubellus.
794 793 893 875 llryol.
910 811 976 857 eur.
994 793 1027 868 ll,
1045 792 1076 856 Τ.
1097 788 1167 856 tto,

13 917 90 998 trgum
114 919 308 998 ambulatum,
340 916 475 981 antheris
506 919 618 981 erectis
649 915 813 995 subulntts,
847 913 977 976 surculis
1006 913 1168 979 acaulibus.

100 1022 178 1085 ertnr.
205 1023 256 1104 Sp.
283 1023 322 1086 Pl.

13 1125 88 1208 lryarn
109 1129 250 1208 capsulis
272 1127 374 1207 longit
394 1127 544 1190 ambulatis
567 1125 644 1188 Dtnt.
668 1125 742 1188 ttiat.
766 1123 805 1186 Μ.

13 1229 337 1294 intumulatam.
362 1231 410 1312 Sp.
435 1230 473 1292 lll.
518 1228 566 1291 Br.
588 1236 622 1291 et
645 1227 710 1292 Sca.
733 1227 782 1293 Br.
806 1245 871 1290 eur.
917 1227 950 1290 G.
968 1227 1056 1294 litun
1074 1229 1145 1310 Syn.

13 1335 61 1400 'ort
80 1335 224 1398 murteta
249 1334 348 1399 Ηιυπ,
380 1333 473 1398 Fund.
518 1333 562 1396 Dr
584 1332 693 1399 Norae.
718 1333 846 1414 specim.
880 1339 911 1396 et
941 1331 1012 1413 Syll.
1058 1331 1166 1398 llaarn.

99 1439 147 1504 Slu
171 1437 216 1502 Fi.
262 1437 356 1502 Wns.
379 1435 478 1520 Bryol.
502 1437 573 1502 ttrtt.

12 1541 46 1604 lar.
64 1547 88 1620 p.
110 1543 308 1608 mmmm.
353 1539 433 1606 Folia
457 1542 653 1614 condensata,
677 1539 807 1624 oblonga
830 1547 862 1604 at
884 1541 1166 1620 ovato-lanceolata,

97 1648 207 1710 mntice
241 1645 291 1707 vel
320 1653 404 1710 cosla
431 1646 585 1729 paulisper
607 1645 778 1709 excedente
808 1651 992 1710 mucronata.
1038 1645 1166 1727 Gapaula

95 1753 125 1813 in
147 1748 303 1834 pcdicello
324 1751 466 1814 breviore
489 1752 555 1832 ipsa
577 1749 758 1814 abbreviato.

60 1871 154 1935 liubit.
179 1871 218 1933 ad
245 1887 378 1953 aggeres
401 1871 580 1952 praeprimis
603 1887 772 1933 arenaceos
795 1887 885 1934 secus
907 1869 972 1933 vias
995 1869 1167 1952 sylvaticas,

11 1981 99 2038 ttcrra
122 1975 272 2058 sylvatica
297 1981 387 2056 atque
409 1973 490 2037 circa
513 1967 653 2037 arborum
677 1972 814 2055 radices,
838 1975 869 2037 in
892 1974 985 2038 muris
1007 1982 1090 2038 terra
1113 1975 1167 2038 ob·

11 2079 66 2158 alls,
87 2082 177 2144 totius
206 2080 275 2142 iere
298 2079 456 2160 Europae3
479 2097 541 2144 var.
563 2083 593 2156 β.
619 2077 649 2140 in
673 2078 826 2141 calcarels

61 2187 155 2248 chl.
180 2192 299 2247 matur.
323 2200 407 2248 vere.

46 2304 136 2360 Plantae
164 2323 238 2358 nnnc
257 2304 416 2373 perhumiles
436 2305 504 2357 loliis
521 2305 600 2358 dense
619 2305 743 2357 confertis
760 2303 893 2358 latioribus
912 2305 1081 2374 reperiuntur,
1099 2323 1167 2360 nunc

11 2391 54 2442 lue
73 2394 275 2460 gncileacentea
296 2391 365 2445 loliis
384 2393 478 2445 dissitis
496 2390 696 2460 augustioribus,
715 2391 888 2459 mollioribus,
908 2393 971 2446 lolia
989 2409 1047 2446 mou
1065 2397 1167 2448 omnine

11 2487 66 2546 tegra
83 2482 121 2534 tel
145 2481 212 2536 solia
232 2479 339 2550 papillis
358 2480 470 2548 margine
489 2479 639 2547 prominulia
660 2479 802 2548 crenulata,
820 2497 878 2534 mort
890 2482 964 2549 apice
978 2482 1096 2535 distincto
1115 2499 1167 2536 ner·

10 2575 37 2620 ta.
53 2567 136 2622 limbus
154 2570 202 2638 qui
223 2585 256 2620 ea
273 2567 444 2620 circumducit
462 2583 529 2618 nnnc
549 2567 624 2619 latior
641 2583 655 2618 e
670 2567 765 2636 duplici
784 2570 852 2621 serie
866 2568 1018 2623 cellularum
1038 2570 1164 2638 conspici·

10 2669 29 2706 r.
43 2672 98 2708 nnnc
116 2665 291 2726 perangustus
310 2653 411 2720 ringula
430 2655 507 2722 serie,
527 2654 568 2706 vel
588 2653 663 2722 plane
682 2654 776 2706 nullos.

386 2863 433 2930 3⁰.
464 2863 596 2931 lltrltult
619 2863 748 2932 lncrnls.

396 3005 478 3060 Bauctt
496 3009 521 3060 in
540 3006 588 3061 titt.
608 3009 639 3060 ad
658 3007 736 3060 llouo.

58 3125 177 3190 llumilis
214 3129 421 3212 caespitulosa
444 3128 493 3192 vel
516 3129 613 3192 dente
636 3131 787 3214 gregaria.
833 3129 913 3193 Folia
937 3127 1096 3207 solidiora,
1120 3125 1166 3190 in-

10 3219 75 3291 'ttlom
97 3232 436 3318 oblongo-lanceolata,
470 3235 630 3316 superiora
663 3233 936 3317 lineali-elongata,
968 3233 1076 3294 mulien
1110 3249 1167 3295 seu

10 3325 139 3398 lrrtsstrne
163 3338 327 3418 apiculam,
354 3339 490 3423 margine
515 3337 593 3402 laud
617 3337 739 3402 limitato
762 3335 1059 3422 edpressorellcxo,
1082 3341 1165 3399 ulra·

10 3445 38 3512 μ*
53 3441 149 3522 pagina
167 3441 287 3504 minute
304 3441 458 3523 pupillosa,
481 3441 618 3507 olivacea
635 3441 682 3505 vel
705 3442 918 3520 luscescentie,
940 3442 1076 3505 siccitate
1092 3457 1165 3504 oon·

10 3535 74 3602 uictu
114 3545 248 3627 Capsulo
272 3544 331 3608 alte
355 3545 554 3626 pedicellate,
585 3555 715 3630 anguste
738 3547 944 3629 cylindracea,
975 3546 1165 3623 subarcuam,

10 3639 75 3808 olipa,
96 3648 350 3714 brandeo-tatia.
395 3650 493 3732 Bryol.
518 3669 584 3716 eur.
612 3649 653 3728 ll,
676 3651 746 3714 Talt.
776 3649 829 3714 tttt
858 3670 897 3714 ex
927 3659 1012 3734 parte
1036 3653 1113 3728 (aar.
1138 3673 1164 3732 γ.

10 3749 20 3804 l
53 3751 89 3815 alt.
114 3751 197 3832 167).

10 3867 58 3934 'ert
76 3877 195 3940 inermis
218 3873 337 3952 (Buca.)
358 3875 451 3942 ttom.
476 3875 566 3940 Arch.
589 3877 618 3942 d.
641 3875 704 3942 tor.
729 3877 752 3958 l,
779 3875 848 3942 136.

10 3967 23 4030 l·
42 3977 148 4042 inermia
176 3979 298 4058 (Baua.)
322 3981 420 4042 Soura.
445 3979 557 4044 corott.
580 3979 629 4043 Br.
653 4001 719 4045 cur.
765 3980 798 4045 0.
822 3981 938 4045 illatae
962 3981 1033 4063 Syn.

10 4069 23 4136 i.
40 4083 122 4146 retal.
143 4105 210 4150 cur.
236 4088 265 4161 β.
289 4085 426 4163 internus,
451 4085 531 4146 Bntn.
555 4083 604 4148 Br.
628 4086 709 4150 univ.
756 4084 808 4148 Ba.
832 4093 864 4148 el
887 4085 950 4150 Sca.
975 4083 1024 4149 tr.
1049 4104 1113 4149 eur.

63 4201 154 4271 llnttt
169 4207 206 4270 ad
224 4213 340 4270 terrant
357 4213 389 4268 et
412 4207 441 4268 in
458 4207 575 4289 rupium
591 4206 709 4272 fissuris
725 4229 781 4292 per
795 4225 902 4272 nonem
920 4206 1162 4272 rnertdionatem:

10 4303 124 4380 tpiosam
143 4310 202 4374 ridi
227 4328 282 4392 per
299 4307 423 4373 Galliam
446 4309 685 4394 meridionalem,
710 4333 765 4397 per
781 4313 963 4394 Hispaniam,
987 4313 1163 4394 praeprimis

10 4407 149 4578 iiiiiibm
170 4416 263 4480 siccis
286 4429 383 4497 prope
401 4413 574 4494 Granatem,
598 4435 690 4501 prope
707 4417 839 4482 Athama
853 4425 885 4482 et
908 4419 938 4481 in
962 4414 1075 4482 ditione
1099 4433 1159 4480 ma·
