3236 5356
874 1089 1119 1196 nouenos!

732 1257 907 1326 dromon
929 1255 1105 1324 amemus
1127 1274 1155 1337 p.
1178 1251 1251 1320 teo.

485 1393 572 1458 Adde
595 1403 663 1480 post
686 1396 846 1482 diagnosin
868 1417 896 1480 p.
920 1393 1000 1460 ott:

399 1511 544 1596 Hypnum
565 1518 782 1599 rudimentum,
806 1520 941 1582 viticulis
962 1519 1133 1600 praeiiidus
1155 1518 1275 1596 erectis,
1299 1517 1434 1597 caprulis
1447 1512 1551 1576 metito

527 1621 606 1684 Diuo.
629 1623 664 1684 Μ.
689 1623 725 1685 Μ.
750 1621 824 1703 347,
848 1633 869 1686 t.
894 1619 947 1702 39,
972 1619 1067 1685 toa.

399 1722 544 1807 lipporum
566 1727 761 1791 oitieulosum
783 1727 864 1792 Lrnn.
889 1727 938 1810 Sp.
962 1727 1002 1790 Pl.
1050 1725 1082 1790 C.
1106 1725 1194 1789 Μϋιι.
1220 1725 1346 1806 Synops.

398 1831 537 1893 Neekeru
560 1831 723 1923 oitieulopa
746 1831 847 1894 Hunw.
872 1833 921 1916 Sp.
945 1832 983 1894 Μ.
1021 1831 1069 1892 W.
1093 1839 1124 1893 et
1149 1829 1185 1894 Μ.
1222 1829 1303 1894 Baro.
1326 1827 1426 1912 Bryoi.
1448 1827 1514 1888 unia.

397 1936 581 1998 Anemodon
603 1933 783 1999 oitieaiosoa
806 1937 900 1999 Hnorr.
925 1945 955 1999 et
978 1935 1063 1998 Tam.
1091 1935 1184 1997 Muso.
1202 1933 1275 1996 Brit
1298 1927 1556 1997 merestonam

527 2039 579 2102 Bo.
601 2047 633 2102 et
656 2039 721 2102 Son
744 2039 843 2121 Brpol.
867 2058 933 2104 our.

485 2162 587 2224 Haott.
611 2163 642 2222 in
658 2163 751 2223 muris
766 2162 917 2224 umbrosis
935 2161 1079 2244 delapsis,
1103 2161 1266 2244 praecipue
1282 2159 1319 2222 ad
1336 2177 1426 2222 arces
1439 2158 1557 2220 ruinosas

397 2265 427 2328 in
451 2267 591 2329 arborum
616 2267 828 2348 sylvatiearum
860 2267 959 2328 rarius
994 2269 1207 2350 'campestrium
1239 2265 1354 2326 truncis
1387 2257 1558 2338 annosis‚td

396 2389 488 2452 rupes
511 2389 567 2454 per
590 2371 757 2456 regionem.
771 2379 971 2454 campestrem
996 2374 1087 2435 totius
1110 2371 1251 2453 Europae
1283 2369 1502 2452 vulgatissimus
1525 2361 1560 2424 sed

396 2475 494 2538 rarius
518 2474 635 2538 fertilis.

483 2581 588 2653 Frater.
611 2586 722 2644 matur.
747 2597 831 2642 vere.

485 2767 726 2834 Observationes
749 2769 785 2832 od

691 2908 788 2973 Genn.
817 2909 954 2974 ΡΟΤΤΙΑ
977 2919 1008 2974 et
1031 2907 1293 2973 nunontrrrn

914 3057 1072 3116 spondentes.

413 3156 421 3163 ’
488 3168 590 3232 Genus
613 3171 812 3253 Anouatypta
835 3173 943 3254 generi
967 3171 1087 3250 Pottia,
1122 3174 1210 3254 eujus
1244 3170 1560 3254 omnesspecies,e1·

397 3281 483 3354 oepte
517 3273 552 3336 P.
576 3275 741 3354 eooisoiim
780 3276 946 3357 peristomii
984 3273 1164 3338 rudimentis
1198 3273 1350 3338 distinctis
1382 3272 1560 3352 Ammo

397 3377 563 3441 instructae
585 3379 794 3462 reperiuntur,
818 3379 1044 3464 adjungendum
1068 3385 1126 3442 est.
1153 3371 1158 3379 ’

484 3482 588 3545 Pottiu
611 3484 780 3562 corritudo,
815 3485 992 3566 peristomio
1015 3483 1175 3548 Borbadoe
1197 3483 1378 3546 tenuissimo
1402 3477 1554 3566 supposui!

396 3587 552 3665 instructa,
576 3587 675 3649 iocum
699 3604 786 3650 suum
811 3595 895 3652 tenet
918 3589 998 3652 inter
1020 3587 1117 3652 Bari.
1142 3589 1283 3652 oioideoe
1305 3595 1337 3650 et
1360 3585 1457 3652 Beria.
1471 3585 1556 3646 com

395 3699 497 3770 notua,
520 3697 610 3772 atque
633 3689 729 3756 Baro.
753 3694 905 3773 eooisoiia
927 3693 1149 3757 denominanda
1172 3699 1228 3758 est.
1275 3691 1484 3756 Paristoniun
1505 3683 1557 3748 m}

395 3793 503 3856 mellae
526 3801 617 3877 atque
639 3797 746 3878 parieti
769 3797 890 3860 interno
912 3797 1048 3880 operculi
1070 3797 1218 3862 adhaeret
1247 3803 1339 3880 atque
1371 3813 1433 3860 une
1462 3787 1557 3858 tituds

396 3897 510 3986 effugit.

877 4130 1104 4140 -ια--ι-ιιοι-υ-ι
