<?xml version="1.0" encoding="UTF-8"?>
<!DOCTYPE html PUBLIC "-//W3C//DTD XHTML 1.0 Transitional//EN"
    "http://www.w3.org/TR/xhtml1/DTD/xhtml1-transitional.dtd">
<html xmlns="http://www.w3.org/1999/xhtml" xml:lang="en" lang="en">
 <head>
  <title>
</title>
<meta http-equiv="Content-Type" content="text/html;charset=utf-8" />
  <meta name='ocr-system' content='tesseract 3.04.00' />
  <meta name='ocr-capabilities' content='ocr_page ocr_carea ocr_par ocr_line ocrx_word'/>
</head>
<body>
  <div class='ocr_page' id='page_1' title='image "./synopsismuscoru01schigoog_0535.png"; bbox 0 0 3106 5370; ppageno 0'>
   <div class='ocr_carea' id='block_1_1' title="bbox 372 379 1041 448">
    <p class='ocr_par' dir='ltr' id='par_1_1' title="bbox 372 379 1041 448">
     <span class='ocr_line' id='line_1_1' title="bbox 372 379 1041 448; baseline -0.012 -6"><span class='ocrx_word' id='word_1_1' title='bbox 372 379 436 442; x_wconf 69' lang='grc'><strong>858</strong></span> <span class='ocrx_word' id='word_1_2' title='bbox 900 379 1041 448; x_wconf 81' lang='lat' dir='ltr'><strong>Bryaceae.</strong></span> 
     </span>
    </p>
   </div>
   <div class='ocr_carea' id='block_1_2' title="bbox 372 551 1549 952">
    <p class='ocr_par' dir='ltr' id='par_1_2' title="bbox 372 551 1549 952">
     <span class='ocr_line' id='line_1_2' title="bbox 373 551 1549 637; baseline -0.009 -12"><span class='ocrx_word' id='word_1_3' title='bbox 373 561 453 624; x_wconf 90' lang='lat' dir='ltr'><strong>sicca</strong></span> <span class='ocrx_word' id='word_1_4' title='bbox 480 560 554 622; x_wconf 84' lang='lat' dir='ltr'><strong>laxe</strong></span> <span class='ocrx_word' id='word_1_5' title='bbox 583 558 739 620; x_wconf 86' lang='lat' dir='ltr'><strong>imbricata</strong></span> <span class='ocrx_word' id='word_1_6' title='bbox 773 562 804 618; x_wconf 91' lang='lat' dir='ltr'><strong>et</strong></span> <span class='ocrx_word' id='word_1_7' title='bbox 835 555 982 620; x_wconf 87' lang='lat' dir='ltr'><strong>subtortu.</strong></span> <span class='ocrx_word' id='word_1_8' title='bbox 1027 555 1157 637; x_wconf 84' lang='lat' dir='ltr'><strong>Capsula</strong></span> <span class='ocrx_word' id='word_1_9' title='bbox 1187 553 1318 636; x_wconf 83' lang='lat' dir='ltr'><strong>pendula</strong></span> <span class='ocrx_word' id='word_1_10' title='bbox 1345 553 1481 618; x_wconf 80' lang='lat' dir='ltr'><strong>oborato</strong></span> <span class='ocrx_word' id='word_1_11' title='bbox 1510 551 1549 614; x_wconf 74' lang='lat' dir='ltr'><strong>nt</strong></span> 
     </span>
     <span class='ocr_line' id='line_1_3' title="bbox 372 659 1549 747; baseline -0.008 -20"><span class='ocrx_word' id='word_1_12' title='bbox 372 660 710 747; x_wconf 78' lang='lat' dir='ltr'><strong>oblongo-ppriiormis‚</strong></span> <span class='ocrx_word' id='word_1_13' title='bbox 745 660 824 724; x_wconf 86' lang='lat' dir='ltr'><strong>sicca</strong></span> <span class='ocrx_word' id='word_1_14' title='bbox 846 661 903 724; x_wconf 87' lang='lat' dir='ltr'><strong>sub</strong></span> <span class='ocrx_word' id='word_1_15' title='bbox 926 677 981 722; x_wconf 87' lang='lat' dir='ltr'><strong>ore</strong></span> <span class='ocrx_word' id='word_1_16' title='bbox 1003 659 1116 723; x_wconf 87' lang='lat' dir='ltr'><strong>leuiter</strong></span> <span class='ocrx_word' id='word_1_17' title='bbox 1137 660 1318 740; x_wconf 87' lang='lat' dir='ltr'><strong>constricta,</strong></span> <span class='ocrx_word' id='word_1_18' title='bbox 1346 679 1363 722; x_wconf 91' lang='lat' dir='ltr'><strong>e</strong></span> <span class='ocrx_word' id='word_1_19' title='bbox 1385 659 1549 738; x_wconf 72' lang='lat' dir='ltr'><strong>ferrugineo</strong></span> 
     </span>
     <span class='ocr_line' id='line_1_4' title="bbox 372 761 1549 848; baseline -0.006 -16"><span class='ocrx_word' id='word_1_20' title='bbox 372 769 518 832; x_wconf 84' lang='lat' dir='ltr'><strong>bruunea.</strong></span> <span class='ocrx_word' id='word_1_21' title='bbox 564 765 745 848; x_wconf 75' lang='lat' dir='ltr'><strong>operculum</strong></span> <span class='ocrx_word' id='word_1_22' title='bbox 767 765 828 828; x_wconf 90' lang='lat' dir='ltr'><strong>late</strong></span> <span class='ocrx_word' id='word_1_23' title='bbox 852 764 1026 828; x_wconf 90' lang='lat' dir='ltr'><strong>mamillare.</strong></span> <span class='ocrx_word' id='word_1_24' title='bbox 1076 763 1246 827; x_wconf 86' lang='lat' dir='ltr'><strong>Peristomii</strong></span> <span class='ocrx_word' id='word_1_25' title='bbox 1269 764 1377 827; x_wconf 87' lang='lat' dir='ltr'><strong>interni</strong></span> <span class='ocrx_word' id='word_1_26' title='bbox 1392 761 1549 826; x_wconf 80' lang='lat' dir='ltr'><strong>membrata</strong></span> 
     </span>
     <span class='ocr_line' id='line_1_5' title="bbox 372 865 1549 952; baseline -0.007 -17"><span class='ocrx_word' id='word_1_27' title='bbox 372 872 510 936; x_wconf 84' lang='lat' dir='ltr'><strong>basilaris</strong></span> <span class='ocrx_word' id='word_1_28' title='bbox 533 869 592 933; x_wconf 93' lang='lat' dir='ltr'><strong>alte</strong></span> <span class='ocrx_word' id='word_1_29' title='bbox 615 869 769 952; x_wconf 85' lang='lat' dir='ltr'><strong>producta.</strong></span> <span class='ocrx_word' id='word_1_30' title='bbox 802 869 917 951; x_wconf 87' lang='lat' dir='ltr'><strong>Sporae</strong></span> <span class='ocrx_word' id='word_1_31' title='bbox 939 867 1049 951; x_wconf 83' lang='lat' dir='ltr'><strong>pallide</strong></span> <span class='ocrx_word' id='word_1_32' title='bbox 1072 867 1277 951; x_wconf 78' lang='lat' dir='ltr'><strong>ferrugineas.</strong></span> <span class='ocrx_word' id='word_1_33' title='bbox 1311 867 1413 949; x_wconf 77' lang='lat' dir='ltr'><strong>Brpol.</strong></span> <span class='ocrx_word' id='word_1_34' title='bbox 1437 885 1498 930; x_wconf 88' lang='lat' dir='ltr'><strong>eur.</strong></span> <span class='ocrx_word' id='word_1_35' title='bbox 1512 865 1549 940; x_wconf 76' lang='lat' dir='ltr'><strong>ll&#39;,</strong></span> 
     </span>
    </p>
   </div>
   <div class='ocr_carea' id='block_1_3' title="bbox 372 972 535 1042">
    <p class='ocr_par' dir='ltr' id='par_1_3' title="bbox 372 972 535 1042">
     <span class='ocr_line' id='line_1_6' title="bbox 372 972 535 1042; baseline -0.018 0"><span class='ocrx_word' id='word_1_36' title='bbox 372 977 444 1042; x_wconf 83' lang='lat' dir='ltr'><strong>Tab.</strong></span> <span class='ocrx_word' id='word_1_37' title='bbox 461 972 535 1040; x_wconf 84' lang='lat'><strong>363.</strong></span> 
     </span>
    </p>
   </div>
   <div class='ocr_carea' id='block_1_4' title="bbox 372 1091 1551 2121">
    <p class='ocr_par' dir='ltr' id='par_1_4' title="bbox 372 1091 1545 1180">
     <span class='ocr_line' id='line_1_7' title="bbox 372 1091 1545 1180; baseline -0.007 -18"><span class='ocrx_word' id='word_1_38' title='bbox 372 1099 426 1162; x_wconf 63' lang='grc' dir='ltr'><strong>ΒΓ.</strong></span> <span class='ocrx_word' id='word_1_39' title='bbox 448 1098 561 1162; x_wconf 83' lang='lat' dir='ltr'><strong>bimam</strong></span> <span class='ocrx_word' id='word_1_40' title='bbox 583 1093 715 1180; x_wconf 79' lang='lat' dir='ltr'><strong>capsulis</strong></span> <span class='ocrx_word' id='word_1_41' title='bbox 738 1093 877 1177; x_wconf 88' lang='lat' dir='ltr'><strong>pendulis</strong></span> <span class='ocrx_word' id='word_1_42' title='bbox 899 1091 1113 1177; x_wconf 81' lang='lat' dir='ltr'><strong>pyrilormibus</strong></span> <span class='ocrx_word' id='word_1_43' title='bbox 1136 1095 1265 1176; x_wconf 83' lang='lat' dir='ltr'><strong>obtusis,</strong></span> <span class='ocrx_word' id='word_1_44' title='bbox 1289 1093 1368 1158; x_wconf 86' lang='lat' dir='ltr'><strong>loliis</strong></span> <span class='ocrx_word' id='word_1_45' title='bbox 1388 1093 1545 1158; x_wconf 61' lang='lat' dir='ltr'><strong>tnnoeons</strong></span> 
     </span>
    </p>

    <p class='ocr_par' dir='ltr' id='par_1_5' title="bbox 415 1197 1550 1387">
     <span class='ocr_line' id='line_1_8' title="bbox 502 1197 1550 1283; baseline -0.001 -18"><span class='ocrx_word' id='word_1_46' title='bbox 502 1201 646 1282; x_wconf 86' lang='lat' dir='ltr'><strong>alternis,</strong></span> <span class='ocrx_word' id='word_1_47' title='bbox 670 1201 756 1264; x_wconf 88' lang='lat' dir='ltr'><strong>caule</strong></span> <span class='ocrx_word' id='word_1_48' title='bbox 778 1199 966 1283; x_wconf 89' lang='lat' dir='ltr'><strong>rubiginoso.</strong></span> <span class='ocrx_word' id='word_1_49' title='bbox 1012 1199 1130 1263; x_wconf 74' lang='lat' dir='ltr'><strong>samm.</strong></span> <span class='ocrx_word' id='word_1_50' title='bbox 1155 1199 1255 1282; x_wconf 88' lang='lat' dir='ltr'><strong>Spioil.</strong></span> <span class='ocrx_word' id='word_1_51' title='bbox 1278 1199 1321 1263; x_wconf 64' lang='lat' dir='ltr'><strong>lfl.</strong></span> <span class='ocrx_word' id='word_1_52' title='bbox 1343 1200 1428 1282; x_wconf 89' lang='lat' dir='ltr'><strong>Lips.</strong></span> <span class='ocrx_word' id='word_1_53' title='bbox 1452 1197 1501 1264; x_wconf 78' lang='lat'><strong>83.</strong></span> <span class='ocrx_word' id='word_1_54' title='bbox 1549 1215 1550 1246; x_wconf 66' lang='lat'>³</span> 
     </span>
     <span class='ocr_line' id='line_1_9' title="bbox 415 1289 1550 1387; baseline -0.002 -17"><span class='ocrx_word' id='word_1_55' title='bbox 415 1307 466 1373; x_wconf 65' lang='lat' dir='ltr'><strong>aa.</strong></span> <span class='ocrx_word' id='word_1_56' title='bbox 489 1315 521 1370; x_wconf 74' lang='grc' dir='ltr'><strong>οι</strong></span> <span class='ocrx_word' id='word_1_57' title='bbox 542 1307 607 1372; x_wconf 76' lang='lat' dir='ltr'><strong>sm.</strong></span> <span class='ocrx_word' id='word_1_58' title='bbox 630 1304 730 1387; x_wconf 70' lang='lat' dir='ltr'><strong>armi.</strong></span> <span class='ocrx_word' id='word_1_59' title='bbox 754 1322 820 1368; x_wconf 74' lang='lat' dir='ltr'><strong>eur.</strong></span> <span class='ocrx_word' id='word_1_60' title='bbox 843 1303 862 1367; x_wconf 79' lang='lat' dir='ltr'><strong>t</strong></span> <span class='ocrx_word' id='word_1_61' title='bbox 886 1323 912 1366; x_wconf 69' lang='grc' dir='ltr'><strong>ο.</strong></span> <span class='ocrx_word' id='word_1_62' title='bbox 958 1303 990 1368; x_wconf 90' lang='lat' dir='ltr'><strong>o.</strong></span> <span class='ocrx_word' id='word_1_63' title='bbox 1015 1303 1129 1367; x_wconf 67' lang='lat' dir='ltr'><strong>numa</strong></span> <span class='ocrx_word' id='word_1_64' title='bbox 1153 1305 1224 1386; x_wconf 65' lang='lat' dir='ltr'><strong>syn.</strong></span> <span class='ocrx_word' id='word_1_65' title='bbox 1270 1305 1363 1368; x_wconf 71' lang='lat' dir='ltr'><strong>wls.</strong></span> <span class='ocrx_word' id='word_1_66' title='bbox 1379 1305 1481 1387; x_wconf 65' lang='lat' dir='ltr'><strong>equ</strong></span> <span class='ocrx_word' id='word_1_67' title='bbox 1498 1289 1550 1368; x_wconf 82' lang='lat' dir='ltr'><strong>ml</strong></span> 
     </span>
    </p>

    <p class='ocr_par' dir='ltr' id='par_1_6' title="bbox 372 1405 1402 1494">
     <span class='ocr_line' id='line_1_10' title="bbox 372 1405 1402 1494; baseline -0.004 -17"><span class='ocrx_word' id='word_1_68' title='bbox 372 1414 425 1478; x_wconf 63' lang='grc' dir='ltr'><strong>ΒΓ.</strong></span> <span class='ocrx_word' id='word_1_69' title='bbox 446 1411 745 1494; x_wconf 79' lang='lat' dir='ltr'><strong>pseudobr’qnetram</strong></span> <span class='ocrx_word' id='word_1_70' title='bbox 766 1417 799 1472; x_wconf 84' lang='lat' dir='ltr'><strong>et</strong></span> <span class='ocrx_word' id='word_1_71' title='bbox 820 1409 931 1472; x_wconf 61' lang='lat' dir='ltr'><strong>Moto</strong></span> <span class='ocrx_word' id='word_1_72' title='bbox 955 1405 1035 1471; x_wconf 81' lang='lat' dir='ltr'><strong>Bato.</strong></span> <span class='ocrx_word' id='word_1_73' title='bbox 1060 1407 1159 1490; x_wconf 78' lang='lat' dir='ltr'><strong>Bryol.</strong></span> <span class='ocrx_word' id='word_1_74' title='bbox 1182 1409 1264 1472; x_wconf 84' lang='lat' dir='ltr'><strong>univ.</strong></span> <span class='ocrx_word' id='word_1_75' title='bbox 1287 1415 1320 1472; x_wconf 85' lang='lat' dir='ltr'><strong>et</strong></span> <span class='ocrx_word' id='word_1_76' title='bbox 1341 1409 1402 1474; x_wconf 87' lang='lat' dir='ltr'><strong>alii.</strong></span> 
     </span>
    </p>

    <p class='ocr_par' dir='ltr' id='par_1_7' title="bbox 373 1507 1550 1807">
     <span class='ocr_line' id='line_1_11' title="bbox 373 1507 1550 1598; baseline -0.007 -16"><span class='ocrx_word' id='word_1_77' title='bbox 373 1519 442 1583; x_wconf 85' lang='lat' dir='ltr'><strong>Var.</strong></span> <span class='ocrx_word' id='word_1_78' title='bbox 459 1521 489 1594; x_wconf 87' lang='grc' dir='ltr'><strong>β.</strong></span> <span class='ocrx_word' id='word_1_79' title='bbox 506 1515 709 1598; x_wconf 70' lang='lat' dir='ltr'><strong>mptoutom</strong></span> <span class='ocrx_word' id='word_1_80' title='bbox 754 1515 856 1578; x_wconf 87' lang='lat' dir='ltr'><strong>Planta</strong></span> <span class='ocrx_word' id='word_1_81' title='bbox 880 1514 1020 1578; x_wconf 83' lang='lat' dir='ltr'><strong>humilior</strong></span> <span class='ocrx_word' id='word_1_82' title='bbox 1042 1513 1140 1576; x_wconf 86' lang='lat' dir='ltr'><strong>dense</strong></span> <span class='ocrx_word' id='word_1_83' title='bbox 1163 1513 1382 1596; x_wconf 81' lang='lat' dir='ltr'><strong>caespitulooa,</strong></span> <span class='ocrx_word' id='word_1_84' title='bbox 1415 1507 1550 1594; x_wconf 65' lang='lat' dir='ltr'><strong>mento</strong></span> 
     </span>
     <span class='ocr_line' id='line_1_12' title="bbox 500 1617 1550 1702; baseline -0.007 -17"><span class='ocrx_word' id='word_1_85' title='bbox 500 1618 625 1685; x_wconf 71' lang='lat' dir='ltr'><strong>untes.</strong></span> <span class='ocrx_word' id='word_1_86' title='bbox 670 1618 752 1685; x_wconf 82' lang='lat' dir='ltr'><strong>Folia</strong></span> <span class='ocrx_word' id='word_1_87' title='bbox 774 1620 927 1684; x_wconf 79' lang='lat' dir='ltr'><strong>strictiora</strong></span> <span class='ocrx_word' id='word_1_88' title='bbox 950 1619 1070 1702; x_wconf 83' lang='lat' dir='ltr'><strong>longius</strong></span> <span class='ocrx_word' id='word_1_89' title='bbox 1094 1619 1260 1702; x_wconf 86' lang='lat' dir='ltr'><strong>cuspidata.</strong></span> <span class='ocrx_word' id='word_1_90' title='bbox 1292 1617 1428 1700; x_wconf 81' lang='lat' dir='ltr'><strong>Capsula</strong></span> <span class='ocrx_word' id='word_1_91' title='bbox 1451 1617 1550 1702; x_wconf 77' lang='lat' dir='ltr'><strong>gracilia</strong></span> 
     </span>
     <span class='ocr_line' id='line_1_13' title="bbox 501 1723 1445 1807; baseline 0 -19"><span class='ocrx_word' id='word_1_92' title='bbox 501 1725 550 1788; x_wconf 88' lang='lat' dir='ltr'><strong>vel</strong></span> <span class='ocrx_word' id='word_1_93' title='bbox 573 1723 763 1806; x_wconf 85' lang='lat' dir='ltr'><strong>abbreviata,</strong></span> <span class='ocrx_word' id='word_1_94' title='bbox 788 1723 867 1790; x_wconf 88' lang='lat' dir='ltr'><strong>baud</strong></span> <span class='ocrx_word' id='word_1_95' title='bbox 889 1741 960 1788; x_wconf 88' lang='lat' dir='ltr'><strong>raro</strong></span> <span class='ocrx_word' id='word_1_96' title='bbox 983 1723 1025 1788; x_wconf 92' lang='lat' dir='ltr'><strong>illi</strong></span> <span class='ocrx_word' id='word_1_97' title='bbox 1048 1723 1101 1787; x_wconf 81' lang='lat' dir='ltr'><strong>Br.</strong></span> <span class='ocrx_word' id='word_1_98' title='bbox 1126 1726 1301 1807; x_wconf 67' lang='lat' dir='ltr'><strong>compiticii</strong></span> <span class='ocrx_word' id='word_1_99' title='bbox 1321 1725 1445 1788; x_wconf 84' lang='lat' dir='ltr'><strong>similis.</strong></span> 
     </span>
    </p>

    <p class='ocr_par' dir='ltr' id='par_1_8' title="bbox 379 1826 1551 2118">
     <span class='ocr_line' id='line_1_14' title="bbox 379 1826 1500 1912; baseline -0.006 -17"><span class='ocrx_word' id='word_1_100' title='bbox 379 1832 457 1896; x_wconf 88' lang='lat' dir='ltr'><strong>Web.</strong></span> <span class='ocrx_word' id='word_1_101' title='bbox 481 1831 587 1912; x_wconf 75' lang='lat' dir='ltr'><strong>affinis</strong></span> <span class='ocrx_word' id='word_1_102' title='bbox 610 1827 704 1892; x_wconf 83' lang='lat' dir='ltr'><strong>Rauca</strong></span> <span class='ocrx_word' id='word_1_103' title='bbox 726 1829 757 1892; x_wconf 88' lang='lat' dir='ltr'><strong>in</strong></span> <span class='ocrx_word' id='word_1_104' title='bbox 780 1829 861 1892; x_wconf 83' lang='lat' dir='ltr'><strong>Bnuu.</strong></span> <span class='ocrx_word' id='word_1_105' title='bbox 883 1829 983 1910; x_wconf 77' lang='lat' dir='ltr'><strong>Brpol</strong></span> <span class='ocrx_word' id='word_1_106' title='bbox 1007 1829 1088 1891; x_wconf 86' lang='lat' dir='ltr'><strong>univ.</strong></span> <span class='ocrx_word' id='word_1_107' title='bbox 1110 1829 1134 1910; x_wconf 92' lang='lat' dir='ltr'><strong>l,</strong></span> <span class='ocrx_word' id='word_1_108' title='bbox 1157 1848 1185 1912; x_wconf 87' lang='lat' dir='ltr'><strong>p.</strong></span> <span class='ocrx_word' id='word_1_109' title='bbox 1208 1826 1282 1894; x_wconf 74' lang='lat'>848.</span> <span class='ocrx_word' id='word_1_110' title='bbox 1328 1828 1386 1892; x_wconf 61' lang='grc' dir='ltr'><strong>ΒΓ.</strong></span> <span class='ocrx_word' id='word_1_111' title='bbox 1410 1829 1500 1910; x_wconf 71' lang='lat' dir='ltr'><strong>bybra&#39;</strong></span> 
     </span>
     <span class='ocr_line' id='line_1_15' title="bbox 493 1828 1551 2118; baseline -0.006 -120"><span class='ocrx_word' id='word_1_112' title='bbox 493 1933 594 1998; x_wconf 84' lang='lat' dir='ltr'><strong>-Baocu</strong></span> <span class='ocrx_word' id='word_1_113' title='bbox 615 1934 646 1996; x_wconf 91' lang='lat' dir='ltr'><strong>iu</strong></span> <span class='ocrx_word' id='word_1_114' title='bbox 668 1933 721 1996; x_wconf 88' lang='lat' dir='ltr'><strong>litt</strong></span> <span class='ocrx_word' id='word_1_115' title='bbox 1500 1828 1551 2118; x_wconf 51' lang='grc' dir='ltr'>Ἶ</span> 
     </span>
    </p>

    <p class='ocr_par' dir='ltr' id='par_1_9' title="bbox 373 2036 1021 2121">
     <span class='ocr_line' id='line_1_16' title="bbox 373 2036 1021 2121; baseline -0.006 -17"><span class='ocrx_word' id='word_1_116' title='bbox 373 2041 481 2104; x_wconf 81' lang='lat' dir='ltr'><strong>Pollia</strong></span> <span class='ocrx_word' id='word_1_117' title='bbox 501 2040 676 2121; x_wconf 69' lang='lat' dir='ltr'><strong>paradoxo</strong></span> <span class='ocrx_word' id='word_1_118' title='bbox 697 2036 785 2104; x_wconf 80' lang='lat' dir='ltr'><strong>lloaa</strong></span> <span class='ocrx_word' id='word_1_119' title='bbox 808 2037 902 2102; x_wconf 82' lang='lat' dir='ltr'><strong>lluac.</strong></span> <span class='ocrx_word' id='word_1_120' title='bbox 924 2054 1021 2120; x_wconf 85' lang='lat' dir='ltr'><strong>gorm.</strong></span> 
     </span>
    </p>
   </div>
   <div class='ocr_carea' id='block_1_5' title="bbox 292 2149 1552 2972">
    <p class='ocr_par' dir='ltr' id='par_1_10' title="bbox 292 2149 1552 2972">
     <span class='ocr_line' id='line_1_17' title="bbox 457 2149 1551 2244; baseline -0.006 -19"><span class='ocrx_word' id='word_1_121' title='bbox 457 2162 560 2225; x_wconf 83' lang='lat' dir='ltr'><strong>liubit.</strong></span> <span class='ocrx_word' id='word_1_122' title='bbox 585 2159 618 2224; x_wconf 82' lang='lat' dir='ltr'><strong>in&#39;</strong></span> <span class='ocrx_word' id='word_1_123' title='bbox 638 2161 733 2242; x_wconf 88' lang='lat' dir='ltr'><strong>pratis</strong></span> <span class='ocrx_word' id='word_1_124' title='bbox 755 2158 917 2243; x_wconf 77' lang='lat' dir='ltr'><strong>uliginosis</strong></span> <span class='ocrx_word' id='word_1_125' title='bbox 945 2167 977 2224; x_wconf 89' lang='lat' dir='ltr'><strong>et</strong></span> <span class='ocrx_word' id='word_1_126' title='bbox 998 2160 1028 2222; x_wconf 90' lang='lat' dir='ltr'><strong>iu</strong></span> <span class='ocrx_word' id='word_1_127' title='bbox 1050 2160 1175 2242; x_wconf 82' lang='lat' dir='ltr'><strong>rupibus</strong></span> <span class='ocrx_word' id='word_1_128' title='bbox 1190 2158 1320 2224; x_wconf 85' lang='lat' dir='ltr'><strong>madidis</strong></span> <span class='ocrx_word' id='word_1_129' title='bbox 1336 2161 1479 2244; x_wconf 75' lang='lat' dir='ltr'><strong>regionis</strong></span> <span class='ocrx_word' id='word_1_130' title='bbox 1494 2149 1551 2222; x_wconf 62' lang='lat' dir='ltr'><strong>crau</strong></span> 
     </span>
     <span class='ocr_line' id='line_1_18' title="bbox 371 2259 1551 2348; baseline 0 -20"><span class='ocrx_word' id='word_1_131' title='bbox 371 2267 484 2348; x_wconf 85' lang='lat' dir='ltr'><strong>postris</strong></span> <span class='ocrx_word' id='word_1_132' title='bbox 502 2273 592 2347; x_wconf 80' lang='lat' dir='ltr'><strong>atque</strong></span> <span class='ocrx_word' id='word_1_133' title='bbox 609 2271 767 2328; x_wconf 90' lang='lat' dir='ltr'><strong>montanae</strong></span> <span class='ocrx_word' id='word_1_134' title='bbox 784 2266 883 2326; x_wconf 85' lang='lat' dir='ltr'><strong>rarius</strong></span> <span class='ocrx_word' id='word_1_135' title='bbox 901 2261 1030 2345; x_wconf 84' lang='lat' dir='ltr'><strong>alpinae,</strong></span> <span class='ocrx_word' id='word_1_136' title='bbox 1047 2283 1104 2346; x_wconf 90' lang='lat' dir='ltr'><strong>per</strong></span> <span class='ocrx_word' id='word_1_137' title='bbox 1118 2281 1224 2327; x_wconf 85' lang='lat' dir='ltr'><strong>aonam</strong></span> <span class='ocrx_word' id='word_1_138' title='bbox 1240 2265 1462 2328; x_wconf 82' lang='lat' dir='ltr'><strong>intermediam</strong></span> <span class='ocrx_word' id='word_1_139' title='bbox 1477 2259 1551 2346; x_wconf 70' lang='lat' dir='ltr'><strong>moui</strong></span> 
     </span>
     <span class='ocr_line' id='line_1_19' title="bbox 372 2367 1551 2453; baseline -0.001 -22"><span class='ocrx_word' id='word_1_140' title='bbox 372 2371 401 2431; x_wconf 93' lang='lat' dir='ltr'><strong>in</strong></span> <span class='ocrx_word' id='word_1_141' title='bbox 425 2371 563 2433; x_wconf 79' lang='lat' dir='ltr'><strong>sueciam</strong></span> <span class='ocrx_word' id='word_1_142' title='bbox 587 2377 677 2452; x_wconf 85' lang='lat' dir='ltr'><strong>atque</strong></span> <span class='ocrx_word' id='word_1_143' title='bbox 700 2369 881 2452; x_wconf 83' lang='lat' dir='ltr'><strong>Norvegium</strong></span> <span class='ocrx_word' id='word_1_144' title='bbox 903 2368 985 2432; x_wconf 81' lang='lat' dir='ltr'><strong>untia</strong></span> <span class='ocrx_word' id='word_1_145' title='bbox 1008 2368 1097 2432; x_wconf 89' lang='lat' dir='ltr'><strong>olarr.</strong></span> <span class='ocrx_word' id='word_1_146' title='bbox 1120 2368 1265 2430; x_wconf 82' lang='lat' dir='ltr'><strong>Lunoonan</strong></span> <span class='ocrx_word' id='word_1_147' title='bbox 1281 2375 1314 2431; x_wconf 90' lang='lat' dir='ltr'><strong>et</strong></span> <span class='ocrx_word' id='word_1_148' title='bbox 1330 2367 1430 2432; x_wconf 84' lang='lat' dir='ltr'><strong>Burrr</strong></span> <span class='ocrx_word' id='word_1_149' title='bbox 1452 2371 1551 2453; x_wconf 69' lang='lat' dir='ltr'><strong>putta</strong></span> 
     </span>
     <span class='ocr_line' id='line_1_20' title="bbox 372 2471 1549 2558; baseline 0.002 -22"><span class='ocrx_word' id='word_1_150' title='bbox 372 2473 535 2555; x_wconf 83' lang='lat' dir='ltr'><strong>miserunt3</strong></span> <span class='ocrx_word' id='word_1_151' title='bbox 557 2491 619 2537; x_wconf 87' lang='lat' dir='ltr'><strong>var.</strong></span> <span class='ocrx_word' id='word_1_152' title='bbox 632 2478 662 2550; x_wconf 82' lang='grc' dir='ltr'><strong>β.</strong></span> <span class='ocrx_word' id='word_1_153' title='bbox 684 2472 760 2536; x_wconf 89' lang='lat' dir='ltr'><strong>locis</strong></span> <span class='ocrx_word' id='word_1_154' title='bbox 777 2472 966 2552; x_wconf 87' lang='lat' dir='ltr'><strong>siccioribus,</strong></span> <span class='ocrx_word' id='word_1_155' title='bbox 990 2471 1067 2536; x_wconf 85' lang='lat' dir='ltr'><strong>baud</strong></span> <span class='ocrx_word' id='word_1_156' title='bbox 1091 2491 1160 2537; x_wconf 88' lang='lat' dir='ltr'><strong>raro</strong></span> <span class='ocrx_word' id='word_1_157' title='bbox 1177 2473 1207 2534; x_wconf 90' lang='lat' dir='ltr'><strong>in</strong></span> <span class='ocrx_word' id='word_1_158' title='bbox 1224 2473 1320 2535; x_wconf 88' lang='lat' dir='ltr'><strong>muris</strong></span> <span class='ocrx_word' id='word_1_159' title='bbox 1337 2491 1412 2538; x_wconf 85' lang='lat' dir='ltr'><strong>cum</strong></span> <span class='ocrx_word' id='word_1_160' title='bbox 1429 2475 1482 2538; x_wconf 79' lang='lat' dir='ltr'><strong>Ba.</strong></span> <span class='ocrx_word' id='word_1_161' title='bbox 1494 2495 1549 2558; x_wconf 73' lang='lat' dir='ltr'><strong>par</strong></span> 
     </span>
     <span class='ocr_line' id='line_1_21' title="bbox 292 2577 1290 2663; baseline -0.002 -23"><span class='ocrx_word' id='word_1_162' title='bbox 292 2655 294 2662; x_wconf 18' lang='lat' dir='ltr'>y</span> <span class='ocrx_word' id='word_1_163' title='bbox 373 2578 455 2658; x_wconf 81' lang='lat' dir='ltr'><strong>dolo,</strong></span> <span class='ocrx_word' id='word_1_164' title='bbox 479 2579 659 2660; x_wconf 73' lang='lat' dir='ltr'><strong>caespiticio</strong></span> <span class='ocrx_word' id='word_1_165' title='bbox 682 2596 710 2640; x_wconf 91' lang='lat' dir='ltr'><strong>e.</strong></span> <span class='ocrx_word' id='word_1_166' title='bbox 734 2597 773 2657; x_wconf 81' lang='lat' dir='ltr'><strong>a,</strong></span> <span class='ocrx_word' id='word_1_167' title='bbox 797 2593 893 2661; x_wconf 83' lang='lat' dir='ltr'><strong>usque</strong></span> <span class='ocrx_word' id='word_1_168' title='bbox 917 2578 947 2641; x_wconf 92' lang='lat' dir='ltr'><strong>in</strong></span> <span class='ocrx_word' id='word_1_169' title='bbox 970 2579 1130 2663; x_wconf 80' lang='lat' dir='ltr'><strong>regionem</strong></span> <span class='ocrx_word' id='word_1_170' title='bbox 1152 2577 1290 2660; x_wconf 85' lang='lat' dir='ltr'><strong>alpinam.</strong></span> 
     </span>
     <span class='ocr_line' id='line_1_22' title="bbox 460 2681 1552 2972; baseline -0.001 -228"><span class='ocrx_word' id='word_1_171' title='bbox 460 2682 563 2746; x_wconf 73' lang='lat' dir='ltr'><strong>licoat.</strong></span> <span class='ocrx_word' id='word_1_172' title='bbox 588 2689 698 2747; x_wconf 81' lang='lat' dir='ltr'><strong>motor.</strong></span> <span class='ocrx_word' id='word_1_173' title='bbox 721 2689 859 2765; x_wconf 86' lang='lat' dir='ltr'><strong>ternpore</strong></span> <span class='ocrx_word' id='word_1_174' title='bbox 881 2681 1007 2746; x_wconf 85' lang='lat' dir='ltr'><strong>aestivo.</strong></span> <span class='ocrx_word' id='word_1_175' title='bbox 1517 2682 1552 2972; x_wconf 27' lang='lat'>4</span> 
     </span>
    </p>
   </div>
   <div class='ocr_carea' id='block_1_6' title="bbox 371 2801 1552 3226">
    <p class='ocr_par' dir='ltr' id='par_1_11' title="bbox 371 2801 1552 3226">
     <span class='ocr_line' id='line_1_23' title="bbox 442 2801 1517 2872; baseline 0.005 -16"><span class='ocrx_word' id='word_1_176' title='bbox 442 2801 535 2856; x_wconf 79' lang='lat' dir='ltr'><strong>Omnes</strong></span> <span class='ocrx_word' id='word_1_177' title='bbox 554 2803 608 2857; x_wconf 83' lang='lat' dir='ltr'><strong>lere</strong></span> <span class='ocrx_word' id='word_1_178' title='bbox 626 2813 744 2858; x_wconf 75' lang='lat' dir='ltr'><strong>cocturas</strong></span> <span class='ocrx_word' id='word_1_179' title='bbox 763 2803 876 2872; x_wconf 78' lang='lat' dir='ltr'><strong>speciem</strong></span> <span class='ocrx_word' id='word_1_180' title='bbox 895 2802 962 2858; x_wconf 82' lang='lat' dir='ltr'><strong>bauo</strong></span> <span class='ocrx_word' id='word_1_181' title='bbox 980 2819 1038 2856; x_wconf 88' lang='lat' dir='ltr'><strong>cum</strong></span> <span class='ocrx_word' id='word_1_182' title='bbox 1059 2805 1109 2856; x_wconf 66' lang='grc' dir='ltr'><strong>ΒΓ.</strong></span> <span class='ocrx_word' id='word_1_183' title='bbox 1129 2803 1375 2872; x_wconf 61' lang='lat' dir='ltr'><strong>nudata-ignom</strong></span> <span class='ocrx_word' id='word_1_184' title='bbox 1396 2815 1517 2861; x_wconf 75' lang='lat' dir='ltr'><strong>conata</strong></span> 
     </span>
     <span class='ocr_line' id='line_1_24' title="bbox 371 2890 1550 2960; baseline 0.003 -17"><span class='ocrx_word' id='word_1_185' title='bbox 371 2899 442 2956; x_wconf 85' lang='lat' dir='ltr'><strong>runt,</strong></span> <span class='ocrx_word' id='word_1_186' title='bbox 469 2893 537 2944; x_wconf 85' lang='lat' dir='ltr'><strong>uude</strong></span> <span class='ocrx_word' id='word_1_187' title='bbox 558 2893 708 2960; x_wconf 78' lang='lat' dir='ltr'><strong>synonymia</strong></span> <span class='ocrx_word' id='word_1_188' title='bbox 731 2891 807 2946; x_wconf 82' lang='lat' dir='ltr'><strong>valde</strong></span> <span class='ocrx_word' id='word_1_189' title='bbox 831 2890 949 2944; x_wconf 77' lang='lat' dir='ltr'><strong>obscura.</strong></span> <span class='ocrx_word' id='word_1_190' title='bbox 985 2891 1155 2959; x_wconf 84' lang='lat' dir='ltr'><strong>Distinguitur</strong></span> <span class='ocrx_word' id='word_1_191' title='bbox 1178 2901 1310 2944; x_wconf 82' lang='lat' dir='ltr'><strong>caeteram</strong></span> <span class='ocrx_word' id='word_1_192' title='bbox 1337 2893 1372 2946; x_wconf 81' lang='lat' dir='ltr'><strong>ab</strong></span> <span class='ocrx_word' id='word_1_193' title='bbox 1399 2895 1451 2948; x_wconf 78' lang='lat' dir='ltr'><strong>boc</strong></span> <span class='ocrx_word' id='word_1_194' title='bbox 1468 2893 1550 2948; x_wconf 75' lang='lat' dir='ltr'><strong>iani·</strong></span> 
     </span>
     <span class='ocr_line' id='line_1_25' title="bbox 371 2973 1552 3050; baseline 0.001 -21"><span class='ocrx_word' id='word_1_195' title='bbox 371 2976 556 3046; x_wconf 81' lang='lat' dir='ltr'><strong>biaexualibua,</strong></span> <span class='ocrx_word' id='word_1_196' title='bbox 575 2978 658 3048; x_wconf 78' lang='lat' dir='ltr'><strong>cauta,</strong></span> <span class='ocrx_word' id='word_1_197' title='bbox 679 2996 736 3032; x_wconf 88' lang='lat' dir='ltr'><strong>cum</strong></span> <span class='ocrx_word' id='word_1_198' title='bbox 755 2978 901 3047; x_wconf 79' lang='lat' dir='ltr'><strong>elongatos,</strong></span> <span class='ocrx_word' id='word_1_199' title='bbox 919 2977 1067 3048; x_wconf 83' lang='lat' dir='ltr'><strong>graciliore,</strong></span> <span class='ocrx_word' id='word_1_200' title='bbox 1086 2979 1168 3030; x_wconf 86' lang='lat' dir='ltr'><strong>miuus</strong></span> <span class='ocrx_word' id='word_1_201' title='bbox 1187 2979 1266 3030; x_wconf 83' lang='lat' dir='ltr'><strong>denae</strong></span> <span class='ocrx_word' id='word_1_202' title='bbox 1280 2979 1392 3050; x_wconf 82' lang='lat' dir='ltr'><strong>lolioao,</strong></span> <span class='ocrx_word' id='word_1_203' title='bbox 1412 2983 1480 3036; x_wconf 76' lang='lat' dir='ltr'><strong>loliis</strong></span> <span class='ocrx_word' id='word_1_204' title='bbox 1491 2973 1552 3034; x_wconf 74' lang='lat' dir='ltr'><strong>niul</strong></span> 
     </span>
     <span class='ocr_line' id='line_1_26' title="bbox 371 3063 1552 3136; baseline 0.002 -18"><span class='ocrx_word' id='word_1_205' title='bbox 371 3063 476 3133; x_wconf 82' lang='lat' dir='ltr'><strong>solidis,</strong></span> <span class='ocrx_word' id='word_1_206' title='bbox 495 3066 615 3120; x_wconf 79' lang='lat' dir='ltr'><strong>distincte</strong></span> <span class='ocrx_word' id='word_1_207' title='bbox 634 3067 782 3136; x_wconf 73' lang='lat' dir='ltr'><strong>suspicietis,</strong></span> <span class='ocrx_word' id='word_1_208' title='bbox 801 3065 907 3136; x_wconf 79' lang='lat' dir='ltr'><strong>capsula</strong></span> <span class='ocrx_word' id='word_1_209' title='bbox 924 3081 971 3134; x_wconf 86' lang='lat' dir='ltr'><strong>pro</strong></span> <span class='ocrx_word' id='word_1_210' title='bbox 990 3081 1059 3118; x_wconf 84' lang='lat' dir='ltr'><strong>ruore</strong></span> <span class='ocrx_word' id='word_1_211' title='bbox 1078 3064 1213 3130; x_wconf 77' lang='lat' dir='ltr'><strong>breviore,</strong></span> <span class='ocrx_word' id='word_1_212' title='bbox 1231 3067 1360 3135; x_wconf 85' lang='lat' dir='ltr'><strong>operculo</strong></span> <span class='ocrx_word' id='word_1_213' title='bbox 1382 3069 1475 3124; x_wconf 83' lang='lat' dir='ltr'><strong>latiore</strong></span> <span class='ocrx_word' id='word_1_214' title='bbox 1490 3081 1552 3120; x_wconf 58' lang='lat' dir='ltr'><strong>m*</strong></span> 
     </span>
     <span class='ocr_line' id='line_1_27' title="bbox 372 3150 1549 3226; baseline 0.002 -22"><span class='ocrx_word' id='word_1_215' title='bbox 372 3150 424 3206; x_wconf 85' lang='lat' dir='ltr'><strong>alta</strong></span> <span class='ocrx_word' id='word_1_216' title='bbox 443 3169 565 3209; x_wconf 82' lang='lat' dir='ltr'><strong>courcxo.</strong></span> <span class='ocrx_word' id='word_1_217' title='bbox 601 3156 661 3208; x_wconf 74' lang='lat' dir='ltr'><strong>var.</strong></span> <span class='ocrx_word' id='word_1_218' title='bbox 680 3155 709 3220; x_wconf 76' lang='grc' dir='ltr'><strong>β.</strong></span> <span class='ocrx_word' id='word_1_219' title='bbox 728 3154 815 3208; x_wconf 86' lang='lat' dir='ltr'><strong>babitu</strong></span> <span class='ocrx_word' id='word_1_220' title='bbox 834 3155 900 3206; x_wconf 81' lang='lat' dir='ltr'><strong>inter</strong></span> <span class='ocrx_word' id='word_1_221' title='bbox 920 3153 968 3206; x_wconf 75' lang='lat' dir='ltr'><strong>or.</strong></span> <span class='ocrx_word' id='word_1_222' title='bbox 986 3155 1140 3220; x_wconf 75' lang='lat' dir='ltr'><strong>pallerem</strong></span> <span class='ocrx_word' id='word_1_223' title='bbox 1163 3162 1189 3205; x_wconf 82' lang='lat' dir='ltr'><strong>et</strong></span> <span class='ocrx_word' id='word_1_224' title='bbox 1213 3155 1264 3208; x_wconf 77' lang='lat' dir='ltr'><strong>ttr.</strong></span> <span class='ocrx_word' id='word_1_225' title='bbox 1282 3157 1480 3226; x_wconf 67' lang='lat' dir='ltr'><strong>uupitieia.</strong></span> <span class='ocrx_word' id='word_1_226' title='bbox 1500 3157 1549 3206; x_wconf 65' lang='lat' dir='ltr'><strong>na</strong></span> 
     </span>
    </p>
   </div>
   <div class='ocr_carea' id='block_1_7' title="bbox 762 3363 1171 3572">
    <p class='ocr_par' dir='ltr' id='par_1_12' title="bbox 762 3363 1171 3572">
     <span class='ocr_line' id='line_1_28' title="bbox 762 3363 1171 3446; baseline 0 -16"><span class='ocrx_word' id='word_1_227' title='bbox 762 3363 806 3431; x_wconf 82' lang='lat' dir='ltr'><strong>n.</strong></span> <span class='ocrx_word' id='word_1_228' title='bbox 837 3363 946 3445; x_wconf 71' lang='lat' dir='ltr'><strong>trra·</strong></span> <span class='ocrx_word' id='word_1_229' title='bbox 966 3363 1171 3446; x_wconf 67' lang='lat' dir='ltr'><strong>bnamma.</strong></span> 
     </span>
     <span class='ocr_line' id='line_1_29' title="bbox 820 3517 1118 3572; baseline -0.003 0"><span class='ocrx_word' id='word_1_230' title='bbox 820 3517 866 3572; x_wconf 75' lang='lat' dir='ltr'><strong>oa.</strong></span> <span class='ocrx_word' id='word_1_231' title='bbox 885 3529 911 3572; x_wconf 85' lang='lat' dir='ltr'><strong>et</strong></span> <span class='ocrx_word' id='word_1_232' title='bbox 929 3518 983 3572; x_wconf 79' lang='lat' dir='ltr'><strong>Sur.</strong></span> <span class='ocrx_word' id='word_1_233' title='bbox 1003 3517 1045 3572; x_wconf 76' lang='lat' dir='ltr'><strong>lir.</strong></span> <span class='ocrx_word' id='word_1_234' title='bbox 1063 3533 1118 3571; x_wconf 85' lang='lat' dir='ltr'><strong>aar.</strong></span> 
     </span>
    </p>
   </div>
   <div class='ocr_carea' id='block_1_8' title="bbox 371 3657 1548 4578">
    <p class='ocr_par' dir='ltr' id='par_1_13' title="bbox 371 3657 1548 4578">
     <span class='ocr_line' id='line_1_30' title="bbox 461 3657 1547 3746; baseline -0.002 -24"><span class='ocrx_word' id='word_1_235' title='bbox 461 3657 699 3740; x_wconf 82' lang='lat' dir='ltr'><strong>caespitutoaum</strong></span> <span class='ocrx_word' id='word_1_236' title='bbox 724 3667 754 3722; x_wconf 91' lang='lat' dir='ltr'><strong>et</strong></span> <span class='ocrx_word' id='word_1_237' title='bbox 776 3659 835 3723; x_wconf 89' lang='lat' dir='ltr'><strong>late</strong></span> <span class='ocrx_word' id='word_1_238' title='bbox 864 3657 1053 3741; x_wconf 76' lang='lat' dir='ltr'><strong>caespitem,</strong></span> <span class='ocrx_word' id='word_1_239' title='bbox 1083 3658 1213 3740; x_wconf 85' lang='lat' dir='ltr'><strong>humile,</strong></span> <span class='ocrx_word' id='word_1_240' title='bbox 1246 3659 1334 3723; x_wconf 83' lang='lat' dir='ltr'><strong>caule</strong></span> <span class='ocrx_word' id='word_1_241' title='bbox 1368 3662 1493 3746; x_wconf 76' lang='lat' dir='ltr'><strong>simpla</strong></span> <span class='ocrx_word' id='word_1_242' title='bbox 1515 3658 1547 3720; x_wconf 71' lang='lat' dir='ltr'><strong>ui</strong></span> 
     </span>
     <span class='ocr_line' id='line_1_31' title="bbox 372 3761 1548 3848; baseline 0.002 -24"><span class='ocrx_word' id='word_1_243' title='bbox 372 3761 487 3842; x_wconf 84' lang='lat' dir='ltr'><strong>diviso,</strong></span> <span class='ocrx_word' id='word_1_244' title='bbox 522 3761 600 3827; x_wconf 88' lang='lat' dir='ltr'><strong>baud</strong></span> <span class='ocrx_word' id='word_1_245' title='bbox 623 3779 693 3826; x_wconf 89' lang='lat' dir='ltr'><strong>raro</strong></span> <span class='ocrx_word' id='word_1_246' title='bbox 715 3763 838 3827; x_wconf 89' lang='lat' dir='ltr'><strong>ramulis</strong></span> <span class='ocrx_word' id='word_1_247' title='bbox 862 3761 1026 3848; x_wconf 87' lang='lat' dir='ltr'><strong>gracilibus</strong></span> <span class='ocrx_word' id='word_1_248' title='bbox 1050 3761 1209 3848; x_wconf 73' lang='lat' dir='ltr'><strong>iastigmtis</strong></span> <span class='ocrx_word' id='word_1_249' title='bbox 1232 3763 1411 3848; x_wconf 68' lang='lat' dir='ltr'><strong>rammosc,</strong></span> <span class='ocrx_word' id='word_1_250' title='bbox 1434 3763 1548 3830; x_wconf 70' lang='lat' dir='ltr'><strong>nocue</strong></span> 
     </span>
     <span class='ocr_line' id='line_1_32' title="bbox 372 3865 1543 3950; baseline 0 -22"><span class='ocrx_word' id='word_1_251' title='bbox 372 3866 543 3930; x_wconf 86' lang='lat' dir='ltr'><strong>numerosis</strong></span> <span class='ocrx_word' id='word_1_252' title='bbox 566 3868 820 3950; x_wconf 86' lang='lat' dir='ltr'><strong>atro-purpureis.</strong></span> <span class='ocrx_word' id='word_1_253' title='bbox 865 3865 946 3930; x_wconf 78' lang='lat' dir='ltr'><strong>lotia</strong></span> <span class='ocrx_word' id='word_1_254' title='bbox 968 3867 1086 3932; x_wconf 88' lang='lat' dir='ltr'><strong>caulioa</strong></span> <span class='ocrx_word' id='word_1_255' title='bbox 1109 3876 1142 3931; x_wconf 89' lang='lat' dir='ltr'><strong>et</strong></span> <span class='ocrx_word' id='word_1_256' title='bbox 1162 3867 1310 3932; x_wconf 86' lang='lat' dir='ltr'><strong>ramuliua</strong></span> <span class='ocrx_word' id='word_1_257' title='bbox 1334 3879 1467 3948; x_wconf 75' lang='lat' dir='ltr'><strong>renota,</strong></span> <span class='ocrx_word' id='word_1_258' title='bbox 1485 3871 1543 3932; x_wconf 72' lang='lat' dir='ltr'><strong>etos</strong></span> 
     </span>
     <span class='ocr_line' id='line_1_33' title="bbox 371 3968 1545 4057; baseline 0.011 -27"><span class='ocrx_word' id='word_1_259' title='bbox 371 3968 640 4050; x_wconf 83' lang='lat' dir='ltr'><strong>gato-lanceolata,</strong></span> <span class='ocrx_word' id='word_1_260' title='bbox 673 3971 1024 4054; x_wconf 67' lang='lat' dir='ltr'><strong>complicato-carinam,</strong></span> <span class='ocrx_word' id='word_1_261' title='bbox 1046 3973 1215 4057; x_wconf 86' lang='lat' dir='ltr'><strong>marginem</strong></span> <span class='ocrx_word' id='word_1_262' title='bbox 1238 3989 1347 4038; x_wconf 77' lang='lat' dir='ltr'><strong>versus</strong></span> <span class='ocrx_word' id='word_1_263' title='bbox 1372 3993 1496 4042; x_wconf 79' lang='lat' dir='ltr'><strong>recum</strong></span> <span class='ocrx_word' id='word_1_264' title='bbox 1514 3972 1545 4029; x_wconf 73' lang='lat' dir='ltr'><strong>m·</strong></span> 
     </span>
     <span class='ocr_line' id='line_1_34' title="bbox 371 4073 1543 4164; baseline 0.01 -29"><span class='ocrx_word' id='word_1_265' title='bbox 371 4073 498 4154; x_wconf 80' lang='lat' dir='ltr'><strong>reflexa,</strong></span> <span class='ocrx_word' id='word_1_266' title='bbox 521 4075 727 4157; x_wconf 87' lang='lat' dir='ltr'><strong>subllexoosa,</strong></span> <span class='ocrx_word' id='word_1_267' title='bbox 751 4075 876 4141; x_wconf 83' lang='lat' dir='ltr'><strong>conmlia</strong></span> <span class='ocrx_word' id='word_1_268' title='bbox 900 4076 1045 4157; x_wconf 75' lang='lat' dir='ltr'><strong>consona,</strong></span> <span class='ocrx_word' id='word_1_269' title='bbox 1069 4095 1110 4142; x_wconf 89' lang='lat' dir='ltr'><strong>ex</strong></span> <span class='ocrx_word' id='word_1_270' title='bbox 1130 4087 1222 4142; x_wconf 81' lang='lat' dir='ltr'><strong>orato</strong></span> <span class='ocrx_word' id='word_1_271' title='bbox 1238 4079 1543 4164; x_wconf 69' lang='lat' dir='ltr'><strong>oblongo-buccalata</strong></span> 
     </span>
     <span class='ocr_line' id='line_1_35' title="bbox 372 4179 1543 4268; baseline 0.011 -28"><span class='ocrx_word' id='word_1_272' title='bbox 372 4195 514 4259; x_wconf 75' lang='lat' dir='ltr'><strong>wocara,</strong></span> <span class='ocrx_word' id='word_1_273' title='bbox 538 4181 638 4244; x_wconf 89' lang='lat' dir='ltr'><strong>onmia</strong></span> <span class='ocrx_word' id='word_1_274' title='bbox 658 4180 789 4263; x_wconf 83' lang='lat' dir='ltr'><strong>integra,</strong></span> <span class='ocrx_word' id='word_1_275' title='bbox 812 4179 904 4246; x_wconf 85' lang='lat' dir='ltr'><strong>limbo</strong></span> <span class='ocrx_word' id='word_1_276' title='bbox 927 4189 1114 4268; x_wconf 87' lang='lat' dir='ltr'><strong>perangusto</strong></span> <span class='ocrx_word' id='word_1_277' title='bbox 1136 4183 1252 4265; x_wconf 78' lang='lat' dir='ltr'><strong>cinca,</strong></span> <span class='ocrx_word' id='word_1_278' title='bbox 1275 4191 1362 4248; x_wconf 82' lang='lat' dir='ltr'><strong>costa</strong></span> <span class='ocrx_word' id='word_1_279' title='bbox 1391 4183 1543 4252; x_wconf 72' lang='lat' dir='ltr'><strong>nbeote&#39;tt</strong></span> 
     </span>
     <span class='ocr_line' id='line_1_36' title="bbox 372 4279 1542 4368; baseline 0.005 -24"><span class='ocrx_word' id='word_1_280' title='bbox 372 4279 527 4362; x_wconf 82' lang='lat' dir='ltr'><strong>cuspidem</strong></span> <span class='ocrx_word' id='word_1_281' title='bbox 550 4283 665 4348; x_wconf 86' lang='lat' dir='ltr'><strong>laevem</strong></span> <span class='ocrx_word' id='word_1_282' title='bbox 689 4284 870 4365; x_wconf 81' lang='lat' dir='ltr'><strong>excedente,</strong></span> <span class='ocrx_word' id='word_1_283' title='bbox 894 4285 974 4350; x_wconf 89' lang='lat' dir='ltr'><strong>sicca</strong></span> <span class='ocrx_word' id='word_1_284' title='bbox 997 4287 1111 4368; x_wconf 88' lang='lat' dir='ltr'><strong>pluries</strong></span> <span class='ocrx_word' id='word_1_285' title='bbox 1135 4294 1166 4351; x_wconf 86' lang='lat' dir='ltr'><strong>at</strong></span> <span class='ocrx_word' id='word_1_286' title='bbox 1189 4297 1273 4353; x_wconf 86' lang='lat' dir='ltr'><strong>arcte</strong></span> <span class='ocrx_word' id='word_1_287' title='bbox 1288 4289 1448 4356; x_wconf 69' lang='lat' dir='ltr'><strong>sipisim</strong></span> <span class='ocrx_word' id='word_1_288' title='bbox 1462 4299 1542 4350; x_wconf 75' lang='lat' dir='ltr'><strong>mmo</strong></span> 
     </span>
     <span class='ocr_line' id='line_1_37' title="bbox 373 4373 1534 4474; baseline 0.011 -28"><span class='ocrx_word' id='word_1_289' title='bbox 373 4387 577 4466; x_wconf 79' lang='lat' dir='ltr'><strong>contorquetu.</strong></span> <span class='ocrx_word' id='word_1_290' title='bbox 628 4386 757 4468; x_wconf 80' lang='lat' dir='ltr'><strong>capsula</strong></span> <span class='ocrx_word' id='word_1_291' title='bbox 781 4373 934 4452; x_wconf 68' lang='lat' dir='ltr'><strong>“inclinata</strong></span> <span class='ocrx_word' id='word_1_292' title='bbox 974 4397 1005 4454; x_wconf 92' lang='lat' dir='ltr'><strong>et</strong></span> <span class='ocrx_word' id='word_1_293' title='bbox 1040 4390 1189 4472; x_wconf 82' lang='lat' dir='ltr'><strong>pendula,</strong></span> <span class='ocrx_word' id='word_1_294' title='bbox 1234 4393 1534 4474; x_wconf 74' lang='lat' dir='ltr'><strong>elongato-ulman</strong></span> 
     </span>
     <span class='ocr_line' id='line_1_38' title="bbox 372 4488 1530 4578; baseline 0.006 -29"><span class='ocrx_word' id='word_1_295' title='bbox 372 4504 390 4549; x_wconf 95' lang='lat' dir='ltr'><strong>e</strong></span> <span class='ocrx_word' id='word_1_296' title='bbox 413 4488 580 4572; x_wconf 86' lang='lat' dir='ltr'><strong>sanguineo</strong></span> <span class='ocrx_word' id='word_1_297' title='bbox 601 4489 762 4554; x_wconf 86' lang='lat' dir='ltr'><strong>rulesoens</strong></span> <span class='ocrx_word' id='word_1_298' title='bbox 783 4492 832 4557; x_wconf 84' lang='lat' dir='ltr'><strong>rel</strong></span> <span class='ocrx_word' id='word_1_299' title='bbox 853 4493 1085 4574; x_wconf 75' lang='lat' dir='ltr'><strong>rutcbrumea,</strong></span> <span class='ocrx_word' id='word_1_300' title='bbox 1114 4492 1223 4574; x_wconf 88' lang='lat' dir='ltr'><strong>solida,</strong></span> <span class='ocrx_word' id='word_1_301' title='bbox 1246 4497 1402 4578; x_wconf 68' lang='lat' dir='ltr'><strong>operula</strong></span> <span class='ocrx_word' id='word_1_302' title='bbox 1422 4499 1530 4562; x_wconf 72' lang='lat' dir='ltr'><strong>oona</strong></span> 
     </span>
    </p>
   </div>
   <div class='ocr_carea' id='block_1_9' title="bbox 0 0 1560 5370">
    <p class='ocr_par' dir='ltr' id='par_1_14' title="bbox 0 0 1560 5370">
     <span class='ocr_line' id='line_1_39' title="bbox 0 0 1560 5370; baseline 0 0"><span class='ocrx_word' id='word_1_303' title='bbox 0 0 1560 5370; x_wconf 95' lang='lat' dir='ltr'><strong> </strong></span> 
     </span>
    </p>
   </div>
  </div>
 </body>
</html>
