3106 5370
324 281 387 346 312
834 285 1015 338 Faroarlnccae.

766 461 842 525 Gen.
865 459 1077 524 utschtuu

366 601 447 668 Bam.
471 603 571 685 Bryol.
595 603 677 666 unis.
720 602 772 665 Ba.
797 608 829 666 et
851 602 915 664 Sca.
938 600 1037 681 Bryol.
1061 619 1125 665 eur.
1170 601 1285 664 utura
1311 599 1390 680 Spu.
1441 597 1535 660 linar-

452 727 510 772 uau
533 706 644 774 Skaud.
667 708 708 771 rt.
754 707 876 769 Wusou
897 703 997 786 Bryol.
1020 703 1091 769 Brit

411 812 468 876 l’ru
499 819 609 876 caract.
637 812 762 896 generis
793 808 862 872 aide
893 814 1002 872 caract.
1037 808 1176 871 familiae.
1222 806 1343 871 Nomen
1377 825 1399 869 ι
1435 809 1490 882 ὄις
1512 815 1540 866 st

325 918 450 1001 σκηλος,
474 916 644 980 abdentes
667 936 683 980 a
707 915 773 978 basi
795 915 902 997 parlim
925 913 955 975 in
979 930 1068 976 crura
1091 913 1152 976 duo
1174 911 1300 976 divisos.

770 1103 927 1172 utscettm
948 1105 1069 1174 arim.

721 1242 817 1314 Bryuus
835 1245 929 1300 nullum
946 1245 1033 1300 uncas.
1052 1244 1117 1300 tare.

324 1367 442 1452 Bryum
463 1369 593 1448 nudum,
622 1368 743 1448 amula,
767 1368 937 1451 pedunculo
961 1369 1121 1450 elongato,
1144 1366 1267 1450 capsula
1290 1365 1537 1448 orato-glebosa

454 1467 605 1553 inclinata,
630 1473 752 1536 dentata
776 1473 874 1537 Drcus.
899 1473 983 1536 Fase.
1006 1471 1055 1554 lv,
1078 1480 1098 1536 t.
1122 1471 1158 1536 X.

330 1577 442 1639 Weisio
463 1578 549 1640 nudo
571 1576 666 1641 lloou.
691 1586 722 1640 et
744 1579 828 1641 Taua.
874 1579 1022 1641 Grimmio
1044 1579 1129 1640 nuda
1153 1578 1247 1640 snm

331 1681 442 1743 Weisia
463 1701 557 1744 roseo
578 1681 733 1745 Wasuuus.
756 1681 796 1746 Fl.
821 1681 897 1764 lapp.
950 1682 991 1746 W.
1013 1683 1182 1744 incarnato
1204 1681 1339 1742 smum

412 1785 515 1848 liubit.
539 1785 570 1848 in
593 1784 722 1850 humidis
746 1785 898 1868 argillosis
926 1785 963 1848 ad
991 1787 1072 1866 ripas
1095 1783 1265 1864 fossarum,
1296 1785 1484 1847 rivulorum
1511 1791 1537 1844 et

323 1889 480 1953 lluvlorum
503 1889 534 1951 in
559 1888 652 1953 Gallia
677 1890 903 1972 septentrionali
932 1899 963 1952 et
989 1909 1044 1973 per
1065 1897 1158 1953 totam
1181 1889 1246 1952 lere
1270 1906 1386 1952 zonam
1414 1897 1536 1970 septan-

324 1993 499 2058 trionalem:
538 1995 567 2055 in
592 1993 701 2076 Anglia
724 2002 755 2056 et
779 1995 877 2058 Sontia
901 1995 951 2057 ubi
979 1997 1077 2076 primo
1107 1995 1277 2072 detectum,
1313 1993 1345 2054 in
1378 1991 1537 2072 Noruogu

323 2115 418 2180 prope
442 2096 651 2160 Christianiam
675 2098 810 2179 (Basra),
841 2102 872 2162 in
895 2107 977 2161 terra
1002 2098 1160 2181 argillacea
1182 2099 1242 2161 loci
1274 2096 1416 2159 turlacei
1443 2115 1534 2180 prop·

324 2203 531 2282 Plrilippstodt
552 2201 778 2264 Wermlaudiac
800 2205 925 2284 copiose
948 2201 1018 2282 vidi,
1043 2219 1135 2284 prope
1158 2200 1310 2282 Upsaliam
1340 2201 1531 2277 (Aassraou

324 2307 489 2384 Hannon),
507 2304 950 2388 inlapponia(Waauaussau);
973 2307 1118 2388 nuperius
1135 2307 1164 2368 in
1178 2305 1287 2370 Silesia
1299 2313 1471 2387 repertum
1484 2311 1525 2364 est

410 2410 513 2472 Fruct.
538 2417 649 2472 matur.
673 2409 769 2490 primo
792 2428 875 2476 vere.

393 2529 507 2598 capsula
524 2529 708 2598 deoperculata
725 2545 809 2584 vacua
827 2540 996 2585 macrnstoma
1013 2531 1060 2584 sub
1078 2547 1125 2584 ore
1138 2515 1232 2583 leniter
1244 2539 1381 2584 coarctata
1395 2534 1532 2600 reperitur.

323 2617 466 2685 pedicellns
487 2616 646 2671 subuucialis
672 2617 749 2671 ualde
773 2628 863 2672 muns.
902 2619 1038 2688 Calyptra,
1068 2635 1127 2672 eum
1154 2617 1287 2688 pedieellu
1305 2633 1360 2670 unu
1380 2621 1525 2672 auum

324 2704 488 2772 fugacissimo
505 2713 545 2757 eat
564 2714 590 2757 et
607 2705 675 2758 haud
693 2705 725 2756 nd
743 2706 865 2774 capsulae
883 2708 1051 2762 maturitatem
1070 2722 1153 2776 usquc
1172 2706 1296 2774 persistit

809 2885 935 2948 Fam.
968 2885 1030 2949 ΙΙ.

713 3038 1132 3110 Pfluscourrutuau.

409 3186 505 3251 llusci
527 3186 667 3268 humiles,
691 3189 793 3268 annui,
816 3189 902 3252 caula
926 3165 1050 3272 simplici
1067 3191 1115 3254 vel
1131 3209 1149 3254 e
1166 3191 1232 3254 basi
1255 3192 1417 3274 bipartito.
1455 3195 1525 3256 folin

322 3289 449 3354 eborata
473 3299 505 3356 et
526 3292 704 3375 spathulata,
728 3296 905 3374 acuminata,
928 3295 996 3358 lare
1012 3295 1361 3378 hexagono-reticulata,
1379 3299 1519 3360 interiora

320 3401 453 3475 remota,
478 3397 638 3479 superiora
662 3405 817 3480 congesta.
863 3397 967 3461 Floras
992 3399 1135 3479 monnici3
1166 3400 1294 3463 masculi
1325 3401 1479 3466 discoidei
1501 3419 1523 3458 :u

321 3497 421 3579 planta
440 3501 564 3583 juniore
577 3479 777 3582 terminales,
807 3501 972 3566 antheridia
996 3503 1133 3584 parvula,
1157 3503 1348 3586 paraphyses
1372 3507 1522 3590 longiores

321 3600 439 3668 cellulis
462 3605 669 3668 terminalibus
693 3606 811 3671 intlatis.
858 3607 994 3690 Galypira
1012 3609 1118 3691 junior
1141 3613 1520 3690 tetragono-vesiculam.

325 3706 429 3768 senior
450 3709 603 3773 immutata
625 3708 701 3772 inira
725 3711 875 3793 capsulam
900 3713 1043 3795 producta
1067 3731 1188 3795 unoque
1212 3711 1310 3776 latere
1334 3715 1411 3778 rima
1430 3715 1520 3777 alciu-

323 3825 411 3890 cens‚
434 3810 484 3872 vel
507 3813 626 3896 capsula
643 3814 765 3877 brevior
779 3815 979 3898 quinqueloba
997 3824 1099 3881 erecta
1115 3835 1171 3881 seu
1187 3817 1521 3882 vesiculam-cucullata

319 3910 510 3996 longirostra.
542 3917 668 4000 Capsula
685 3918 826 3982 immersa
849 3919 1105 4004 (Apionorepma
1121 3927 1218 3988 exuti
1236 3921 1283 3984 vet
1301 3922 1370 4004 plus
1387 3925 1517 3986 minusue

320 4015 380 4080 alte
403 4028 536 4098 exserta,
560 4021 698 4104 globosa,
722 4029 820 4102 ovata,
844 4023 923 4087 collo
941 4023 1005 4106 plus
1022 4027 1121 4090 miuus
1137 4025 1230 4110 longo
1250 4027 1413 4106 tumidnlo,
1437 4045 1515 4108 opar-

326 4119 394 4180 culo
425 4140 562 4186 convexo
592 4124 640 4186 vel
669 4126 841 4204 mamillam,
875 4127 984 4192 annulo
1015 4131 1254 4213 peristomioque
1283 4131 1332 4193 uel
1366 4133 1456 4196 nulia
1477 4127 1516 4188 m

325 4227 548 4305 praesentibus.
588 4226 784 4310 Sporangium
802 4231 912 4311 minus,
936 4234 1076 4316 capsulae
1093 4233 1152 4296 tilis
1175 4235 1381 4300 adhaereocs.
1414 4239 1515 4320 Sparsa

319 4329 516 4412 majusculae,
541 4329 762 4395 tuberculosae.
808 4335 955 4402 Habitatio
979 4338 1146 4402 terrestris.
