3238 5352
378 405 425 462 ut
896 409 1062 464 Marsis.

378 581 571 657 eemtmnle
590 581 722 648 'camai
735 583 965 666 emundantur,
989 582 1178 650 molientem
1199 599 1312 650 amous
1326 591 1426 666 ugus
1437 579 1472 650 ed
1486 595 1555 644 nare

379 687 729 770 adrufium'iineeapre
743 689 808 752 snb
824 689 967 772 parallelo
990 687 1056 754 46⁰
1076 690 1228 756 abortiis
1242 689 1371 756 Danubii
1388 702 1445 771 per
1458 685 1556 768 'lorge

381 801 470 874 stum,
495 791 707 873 Mediolanum,
730 793 896 858 Valentiam
920 793 1071 858 Gallorum
1100 793 1137 859 ad
1161 794 1329 858 Garumnae
1356 793 1461 857 ostium
1482 789 1556 854 dueta

381 895 538 962 meridiem
560 911 671 960 vereris
692 895 834 961 limitatae
858 881 939 961 sunt.

467 999 568 1065 Tertia
590 999 710 1064 tandem
733 1019 827 1083 zona,
856 1003 1069 1066 meridionalis
1092 1001 1161 1066 mibi
1184 1001 1279 1083 diota,
1307 1021 1324 1066 a
1347 999 1486 1083 parallelo
1506 995 1558 1062 46ο

379 1103 417 1171 ad
440 1123 524 1170 mare
547 1103 814 1187 mediterraneum,
837 1115 879 1186 et,
903 1107 935 1172 is
957 1106 1045 1190 plega
1066 1107 1216 1192 orientali,
1239 1106 1277 1172 ad
1292 1106 1418 1171 rorum
1433 1103 1559 1170 erminum

379 1227 453 1278 seso
476 1208 623 1289 extendit,
647 1209 687 1274 ita
705 1217 737 1274 ut
750 1209 891 1294 Europae
913 1217 1013 1276 terras
1026 1229 1103 1296 quas
1125 1212 1367 1278 mediterraneas
1387 1209 1489 1274 dieurn
1506 1221 1559 1272 oe·

379 1331 436 1390 nes
459 1313 666 1396 eupleetalur·

553 1507 571 1569 ς
600 1505 628 1558 2.
656 1506 706 1560 Dr
724 1517 822 1560 sones
839 1505 1098 1570 septentrionalis
1115 1507 1197 1562 saue
1213 1506 1406 1572 brgologtos.

467 1627 574 1694 Florae
596 1628 794 1713 bryologieae
817 1630 911 1694 iacies
939 1652 955 1696 a
980 1629 1168 1698 meridionali
1195 1629 1284 1714 liujus
1307 1644 1407 1696 sosas
1426 1625 1513 1692 limite
1532 1619 1562 1686 ai

381 1732 653 1814 septentriouelem
679 1734 728 1796 ael
751 1735 891 1800 aretinam
920 1734 1106 1816 procedens,
1137 1753 1267 1798 unacum
1290 1734 1367 1798 leole
1389 1733 1482 1798 dorae
1503 1727 1562 1810 pbs-

379 1838 594 1921 soeognulese
622 1839 673 1904 teli
700 1839 789 1903 modo
817 1847 962 1921 mutatur,
994 1848 1028 1903 ut
1054 1839 1143 1904 iaeile
1172 1839 1246 1904 durs
1272 1839 1444 1922 disbngrm
1471 1847 1562 1909 sosas,

379 1961 506 2026 guarum
529 1960 708 2026 unaqueque
732 1943 934 2027 vegetationis
957 1944 1088 2008 indolem
1110 1945 1293 2026 peculiarem
1308 1943 1441 2008 exbibet.
1477 1939 1564 2004 zonae

378 2045 435 2112 bes
467 2047 666 2112 secundariae
700 2047 994 2114 denominationibus
1026 2067 1122 2114 sonae
1157 2037 1585 2130 meridionali-septennio‘l

377 2153 461 2218 eolis
482 2161 515 2216 et
535 2161 633 2216 sonae
655 2153 1045 2234 moneo-septentrionalia
1066 2153 1222 2236 designari
1237 2159 1382 2234 possuntt,
1405 2151 1475 2228 uel,
1496 2141 1564 2211 siat

378 2275 551 2322 museerum
566 2257 790 2342 vegetationem
812 2257 970 2340 respicias,
993 2277 1093 2322 senae
1107 2257 1290 2340 lippeam
1312 2264 1344 2320 rt
1365 2272 1465 2320 seem
1479 2253 1564 2333 rote

465 2465 605 2531 Omnium
629 2483 803 2532 memorum
826 2483 934 2548 nempe
951 2466 1024 2528 nulli
1045 2467 1075 2528 in
1098 2467 1189 2529 terris
1205 2465 1326 2530 arotieis
1349 2472 1410 2530 tum
1435 2463 1565 2544 iregueu

379 2577 428 2634 ter
455 2579 661 2654 propagantur
685 2579 808 2654 umque
837 2578 980 2633 extensas
1016 2578 1164 2652 ooeupant
1192 2571 1341 2634 sudores
1370 2586 1462 2651 quam
1492 2565 1566 2645 uon·

377 2673 490 2755 tricina,
520 2691 599 2756 quae
622 2694 640 2738 a
663 2675 821 2758 paludibus
844 2673 976 2758 planitiei
999 2675 1157 2758 usquead
1180 2675 1266 2739 niues
1287 2681 1431 2737 aeternas
1458 2670 1566 2755 Alpion

375 2777 475 2842 solum
511 2775 711 2861 inhospitum,
750 2779 858 2862 plastis
887 2787 994 2844 natura
1027 2781 1126 2844 minus
1156 2781 1280 2844 robusta
1311 2776 1460 2860 praeditis
1491 2775 1566 2838 laue-

378 2889 468 2962 stum,
492 2880 618 2948 eoborte
641 2883 734 2968 longe
757 2883 875 2966 lateque
899 2892 1025 2948 extensa
1048 2891 1205 2967 occupant,
1229 2882 1394 2963 coloreque
1417 2881 1498 2944 tristi
1517 2877 1567 2941 de·

376 2993 476 3051 sertas
506 2989 559 3051 bas
599 2987 743 3072 regiones
778 2989 899 3051 minime
936 2988 1106 3054 laetiiieant.
1158 2988 1265 3071 Sylvee
1299 2987 1383 3068 ipsse
1416 2999 1567 3060 onerosae,

376 3110 454 3178 guae
478 3091 508 3154 io
533 3089 778 3154 meridionalibus
801 3109 897 3158 zonae
918 3093 1054 3180 partibus
1076 3101 1137 3156 tam
1158 3092 1258 3155 multis
1280 3091 1432 3174 uariisque
1450 3087 1568 3164 muscis,

375 3191 554 3279 praeprimis
581 3193 790 3277 bypnoidois,'
811 3193 1042 3278 hospitalitatem
1072 3204 1187 3280 gratam
1221 3195 1366 3275 offerunt,
1396 3193 1433 3258 ab
1470 3187 1568 3256 ineolis

376 3300 510 3365 assuetis
540 3297 722 3381 derelictae,
754 3316 921 3382 eorumque
951 3300 1020 3364 loeo
1048 3299 1198 3364 bollenum
1221 3306 1290 3379 aut,
1324 3297 1376 3362 ubi
1398 3297 1466 3362 toea
1489 3293 1569 3378 uligi-

376 3423 451 3470 nosa
481 3409 571 3484 sunt,
604 3401 811 3487 Sphagnorum
842 3403 961 3488 agmine
990 3405 1129 3468 exanimo
1157 3403 1267 3487 pallido
1291 3409 1457 3485 oeoupelae
1486 3417 1568 3482 repe·

375 3511 509 3590 riununp
533 3507 631 3592 stygia
654 3506 763 3571 familia
783 3505 993 3572 Andraesrum
1016 3527 1084 3572 eum
1107 3517 1310 3574 eorterrmea
1329 3505 1569 3590 Gyropberarm

376 3629 448 3678 sua
471 3626 626 3696 rupesque
648 3618 743 3694 gente
765 3627 820 3676 eus
843 3611 1006 3696 nigerrima
1028 3613 1159 3680 obducit
1204 3613 1296 3688 Color
1324 3626 1498 3676 rum
1525 3605 1569 3672 itte

375 3719 455 3784 laete
468 3717 586 3797 eules,
608 3715 661 3798 gul
677 3715 708 3780 in
723 3716 900 3800 regionibus
922 3719 1098 3800 temperatis
1114 3718 1225 3800 sylvas,
1248 3716 1413 3798 oonralles,
1436 3721 1568 3780 noane

376 3839 437 3906 gne
466 3825 551 3906 ipses
573 3819 720 3884 editiora
752 3819 900 3886 exhilarat
930 3829 1020 3906 etque
1052 3823 1159 3888 oeulos
1190 3841 1208 3887 e
1237 3822 1403 3907 lorrgiuguo
1428 3819 1570 3892 edunt

376 3927 498 3990 omnmo
521 3925 552 3988 in
576 3932 658 3988 tem
682 3925 792 3988 arotim
816 3923 1026 4006 desideratur,
1051 3925 1100 3989 ubi
1123 3925 1241 3990 ooeiurn
1264 3932 1297 3989 et
1318 3932 1400 3988 terre
1421 3915 1570 3988 eonnnui

375 4031 495 4096 tristitia
525 4029 786 4114 peregrinatorem
815 4029 963 4114 affligant
1008 4031 1181 4094 lluseerum
1209 4031 1322 4114 stirpes
1344 4029 1443 4112 tnagis
1464 4025 1571 4092 delict·

375 4135 458 4202 tuias
480 4133 642 4217 spondius
666 4133 808 4217 interque
830 4133 947 4216 plantas
961 4134 1154 4199 robustiores
1170 4153 1224 4201 eas
1240 4139 1348 4198 eontra
1360 4133 1441 4198 coeli
1452 4131 1572 4216 rigores

376 4246 574 4324 protegentes
607 4237 743 4302 occultare
774 4239 972 4322 proveniunt,
1005 4241 1045 4304 ita
1075 4247 1110 4302 ut
1131 4241 1181 4304 uin
1204 4239 1291 4306 iaeiel
1324 4237 1474 4302 tristithn
1507 4231 1571 4298 ani·

376 4343 527 4408 vernalem
555 4343 765 4426 quadantenus
794 4341 955 4408 moderere
988 4345 1114 4426 possint.
1159 4343 1241 4410 luter
1267 4343 1388 4426 speeies
1419 4342 1474 4406 ias
1507 4337 1570 4422 ples

376 4447 476 4512 mintus
498 4447 645 4513 emtione
668 4447 856 4512 numerando
878 4455 948 4511 suut
971 4447 1192 4531 spuebuaeeae
1215 4449 1283 4517 iere
1302 4451 1423 4530 emer,
1444 4445 1572 4510 mansu

375 4553 529 4635 mean,
560 4551 672 4662 uersa
691 4553 841 4636 moue,
874 4551 998 4616 uem
1010 4551 1175 4634 μιιιιιι,
1190 4553 1300 4634 aee,
1314 4561 1441 4634 m
1456 4551 1571 4635 erpa
