3144 5366
518 375 681 444 Hypnacaaa.

14 547 143 630 lippam
162 570 289 632 reperta
311 571 379 618 cnr.
401 551 524 616 numum
546 551 580 614 G.
603 551 718 616 unum
742 549 873 632 synops.

14 652 117 718 baben
137 657 230 720 curin
252 655 352 718 uma.
377 656 425 738 Sp.
449 655 543 720 biuse.
567 673 596 738 p.
620 650 695 733 216,
718 660 739 717 t.
761 651 813 718 53.

84 777 189 842 liubit
211 777 249 840 ad
265 785 388 860 terram,
411 778 491 864 ligna
507 777 672 842 fabrefacta
688 775 735 840 vel
751 775 875 858 deusta3
899 774 938 840 ad
954 777 1048 840 latera
1064 794 1195 840 menosa

14 879 118 945 tumida
141 883 209 946 viae
232 901 323 948 cavae
347 901 442 966 propa
466 882 621 968 Offwciter
651 882 785 946 Aisatiae
814 879 969 944 inferioris
1003 899 1094 963 parce
1121 881 1195 965 legi,

14 984 41 1048 ad
61 1005 161 1050 arcem
184 989 335 1070 antiquam
354 987 520 1052 Wutdatein
534 988 647 1051 lectum
670 1004 688 1048 e
710 985 959 1069 Monte-pinifero
976 984 1078 1066 retuli,
1102 1005 1195 1068 prope

14 1087 167 1154 thomann
190 1092 227 1156 cl.
250 1092 284 1156 tt.
309 1093 417 1156 smnus
439 1089 514 1176 legit
535 1098 567 1154 et
589 1092 688 1170 misit,
721 1092 750 1154 in
774 1097 856 1154 terra
879 1088 998 1153 humida
1021 1091 1101 1154 inter
1122 1109 1195 1176 gna-

14 1194 77 1256 ma
105 1213 202 1279 prope
231 1197 326 1259 narn
355 1197 515 1278 bastron,
547 1177 988 1278 noryteaa‚'amac.w11s0s
1012 1193 1195 1276 observavit,

14 1297 41 1360 ad
61 1300 179 1364 necata
198 1300 316 1382 Bridpe
338 1298 704 1372 Cambrovalliaemerid.
725 1297 765 1372 (J.
788 1297 823 1360 E.
846 1296 999 1373 Rouana).
1032 1297 1195 1364 Erariori·

14 1403 57 1466 bus
78 1411 110 1468 et
133 1405 312 1490 plerumque
335 1423 402 1468 cum
424 1403 629 1486 praecedente
652 1408 875 1467 commutatum.

84 1511 190 1574 Frnct.
214 1517 328 1574 mutur.
351 1525 436 1574 aare.

69 1629 253 1700 Cupicsiscimc
271 1647 303 1684 ex
320 1630 439 1684 America
458 1627 652 1698 septentrionali
671 1629 762 1697 accepi
781 1638 807 1681 et
825 1627 893 1682 baud
905 1643 963 1682 raro
975 1629 1120 1696 promiscua
1135 1646 1192 1682 cum

14 1713 50 1767 alia
75 1719 166 1786 specie
194 1718 276 1786 prima
305 1718 396 1770 intuitu
415 1716 558 1784 simillima,
585 1716 654 1770 iobiis
677 1726 761 1770 autem
785 1717 972 1786 angustioribus
990 1716 1110 1770 mollibus
1128 1717 1193 1769 sub·

14 1803 84 1854 nitidis
103 1805 154 1856 reti
172 1805 243 1856 tenui
261 1801 365 1872 hyalino
384 1803 687 1872 rhomboides-elongato
699 1805 835 1871 distinctis,
854 1802 1080 1874 pariebaetialibus
1093 1803 1194 1874 longius

14 1890 167 1958 acuminatis,
190 1889 273 1943 buius
290 1892 366 1944 textis
383 1892 487 1943 tenuius
503 1892 609 1944 castatis
627 1891 816 1959 diversissima,
836 1892 901 1945 torta
919 1891 950 1944 ad
972 1889 1002 1942 Α.
1022 1892 1195 1946 ortboctcdma

14 1975 42 2034 ζΡ.
59 1976 101 2038 Β.)
123 1978 221 2033 Sauara.
240 1977 320 2032 base.
338 1979 369 2040 U.
389 1978 425 2031 St
445 1980 598 2047 pertinente.

69 2065 210 2132 bigiditatc
231 2066 351 2120 foliarum
370 2065 449 2135 dupio
467 2066 522 2120 tera
541 2068 666 2134 majorum
683 2067 782 2136 ratique
801 2068 927 2122 amariora
944 2066 1064 2121 breviora
1082 2083 1131 2120 nec
1144 2083 1195 2118 uon

14 2163 70 2206 mata
87 2153 214 2208 validiore
233 2155 387 2224 longiores
407 2155 581 2223 praecedente
600 2164 747 2209 constanter
764 2154 919 2210 distinctum.

340 2347 369 2414 8.
398 2343 631 2429 babtystmtun
652 2329 866 2429 susannam.

416 2501 497 2555 Gbn.
518 2501 561 2556 bit
579 2513 606 2556 at
622 2501 710 2572 Brpol.
730 2520 784 2558 aur.

86 2639 188 2703 Cauiis
198 2638 474 2724 suberadicubosus,
485 2645 590 2726 partim
602 2643 781 2726 denudatus,
793 2641 918 2723 divisus,
929 2659 1006 2727 vage
1014 2641 1195 2722 tumulosus,

15 2745 122 2808 mmulis
162 2744 368 2810 subconiertis
405 2747 586 2812 abbreviatis
624 2748 747 2810 erectis.
798 2747 879 2812 Folia
916 2745 1012 2811 densa
1049 2748 1195 2827 conserta,

15 2853 135 2928 patentia
167 2852 249 2914 sicca
280 2851 347 2914 laxe
378 2851 598 2932 incumbentia,
631 2851 842 2933 solidiuscula‚
875 2869 985 2934 opaca,
1016 2851 1195 2917 ecordato-

15 2961 88 3017 arato
123 2953 249 3018 brevius
286 2963 416 3038 anguste
453 2956 836 3038 lanceolata-acuminata,
873 2974 1023 3035 concava,
1060 2956 1196 3040 margine

20 3057 116 3122 ninutc
141 3067 173 3123 et
195 3059 303 3123 obtuse
326 3061 493 3140 serrulam,
523 3069 607 3125 costa
638 3063 720 3126 tenui
749 3061 905 3125 latiuscuia
928 3059 964 3123 ad
988 3061 1104 3143 apicem
1127 3060 1195 3123 iare

16 3166 154 3245 continua,
177 3165 237 3228 reti
261 3165 374 3233 minuto
396 3166 669 3250 parencbymatoso
692 3167 735 3230 illi
757 3165 968 3249 praecedentis
991 3165 1089 3230 simili.
1120 3163 1195 3247 Cap-

16 3267 67 3330 suia
99 3268 137 3332 A.
159 3272 320 3352 serpentis.
365 3268 504 3335 sanutus
542 3274 784 3356 angustissimus.
828 3271 996 3334 Peristomii
1032 3285 1196 3352 processus

16 3371 37 3432 'n
67 3373 167 3436 carina
202 3373 312 3438 leniter
344 3361 495 3456 rimulosi,
533 3376 600 3440 cilia
638 3374 875 3460 appendiculam.
925 3374 1022 3458 Bryoi.
1054 3391 1119 3437 eur.
1147 3373 1195 3453 Vl,

16 3475 74 3542 tab.
95 3475 168 3542 568.

91 3600 193 3668 liubit.
216 3603 249 3665 in
271 3619 347 3684 rupe
377 3601 536 3667 mutassica
566 3602 706 3666 umbrosa
736 3609 821 3666 retro
851 3601 1047 3666 botteabact
1074 3599 1195 3665 ditionis

17 3700 210 3787 Monacensis,
241 3705 293 3770 ubi
324 3706 373 3770 W.
398 3706 512 3770 Gbnan.
543 3725 623 3771 annu
657 3703 739 3771 1846
768 3707 891 3790 reperit.
936 3705 1089 3788 Nusquam
1121 3705 1195 3769 alias

17 3807 45 3870 ad
66 3808 144 3873 diam
168 3811 360 3876 observatum
385 3819 440 3877 ast.
831 3799 835 3806 ⁵

91 3915 194 3980 Fratri.
214 3925 326 3982 muter.
348 3917 450 3980 Junio.

76 4033 98 4086 A
126 4037 239 4091 radicata·
264 4039 378 4108 proxime
402 4047 552 4108 cognatum
579 4038 710 4092 baernum
734 4037 804 4092 foliis
831 4037 993 4090 brevioribus
1016 4038 1099 4090 minna
1117 4035 1194 4104 longa

18 4123 168 4195 acuminatis,
192 4137 312 4194 mapactn
329 4127 509 4194 magnitudinis
528 4125 675 4192 latioribus,
699 4127 794 4178 minuta
811 4127 931 4193 serratis,
956 4125 1077 4194 capsulae
1102 4123 1195 4178 annulo

18 4213 160 4349 ἳψῑίοιο,
179 4214 339 4283 pericbactio
356 4213 484 4281 breviora,
504 4213 578 4266 caule
596 4215 697 4267 undam
715 4213 867 4282 parcissima
886 4228 985 4266 ramam
1003 4221 1087 4266 artata
1105 4213 1195 4282 partim

44 4299 142 4354 nudato.
195 4333 198 4340 -
