3236 5356
404 383 467 446 084
904 389 1097 460 Sphagnaceae.

406 563 572 648 adpressis.
617 565 700 629 lotio
723 566 841 630 caolina
862 573 965 630 erecta
987 565 1189 647 neironem,
1220 565 1281 630 late
1303 563 1564 646 oborato-linpulrta.

404 670 518 733 minute
541 670 691 752 stipulata,
715 671 800 754 apice
824 687 932 749 erosa,
955 671 1068 736 areolis
1090 689 1108 732 e
1131 670 1232 734 medio
1255 670 1292 733 nd
1315 671 1429 754 apicem
1448 668 1565 732 rlonboi·

402 774 480 855 deis‚
505 773 622 838 mediae
645 775 728 838 basis
751 773 1201 856 suburanam-rhomboides,
1234 773 1345 838 debinc
1376 773 1414 838 ad
1436 773 1568 856 narqben

400 879 596 961 perangustis
619 877 953 958 flexuoso-linearibus,
977 879 1061 961 poris
1085 885 1117 942 et
1139 877 1223 941 fibris
1246 879 1370 942 omnino
1385 878 1481 940 nullis.
1509 875 1569 938 lolia

400 984 548 1049 ramulina
583 983 652 1066 plus
688 985 787 1047 minus
822 984 919 1047 dense
951 984 1107 1066 conferta,
1140 983 1261 1048 humide
1291 979 1415 1067 turgide
1437 981 1570 1058 imbricata

401 1089 481 1151 sicca
507 1089 776 1170 erecto-patentia
811 1089 926 1171 apicem
955 1105 1065 1152 versus
1098 1089 1255 1152 lenissime
1286 1105 1419 1152 rerum
1448 1093 1570 1150 casem

402 1189 480 1255 baud
504 1198 635 1272 mutata,
660 1209 770 1274 opaca,
794 1191 853 1256 late
876 1193 1165 1272 ovato-acuminata,
1194 1193 1279 1275 apice
1301 1189 1475 1255 uonmtulo
1493 1189 1523 1254 tt
1539 1189 1572 1250 nl

399 1295 572 1377 &dentato
595 1295 673 1360 baud
697 1298 875 1380 marginata,
900 1297 1019 1360 cellulis
1041 1296 1171 1379 hyalinis
1190 1296 1474 1361 annulatolibrosis
1488 1299 1571 1358 niam

401 1408 432 1466 et
453 1418 545 1483 parce
568 1401 704 1482 perosis,
740 1418 831 1483 supro
859 1409 892 1464 et
919 1401 1026 1464 subtus
1058 1401 1289 1466 confluentibus.
1332 1402 1440 1466 Planta
1472 1399 1572 1464 niardo

399 1507 431 1570 in
454 1504 562 1569 eodem
586 1505 722 1586 caespite
746 1521 835 1587 quam
859 1505 1010 1584 leminea,
1033 1504 1127 1569 hacce
1150 1507 1313 1591 gracilium
1346 1507 1499 1570 amentur
1518 1523 1569 1566 nas

399 1609 466 1676 cota
489 1607 604 1689 brevia,
627 1615 726 1688 emta,
750 1614 832 1672 arcte
855 1609 1030 1690 imbricata,
1053 1609 1174 1690 viridia,
1205 1611 1236 1673 in
1259 1611 1353 1674 caulis
1376 1609 1507 1694 capitulo
1524 1627 1570 1672 eoa

400 1715 486 1778 lenta.
516 1713 643 1776 Fructus
666 1713 697 1774 in
721 1712 852 1795 capitulo
866 1713 1035 1797 aggregati.
1072 1713 1289 1778 Pericbaetium
1305 1715 1572 1797 indatooblongun

398 1819 553 1898 albicans3
576 1817 647 1882 tolie
670 1815 814 1882 interiora
838 1825 924 1881 ovata
947 1819 1115 1884 acuminata
1138 1821 1263 1897 mutica,
1291 1819 1393 1885 media
1417 1821 1480 1884 late
1499 1827 1574 1882 ono

398 1923 538 2006 oblonga,
562 1921 665 1986 intima
687 1921 747 1986 late
770 1923 902 2006 oblonga
924 1922 1074 2004 prolunde
1090 1941 1221 1988 concava
1238 1943 1256 1988 e
1272 1923 1374 1988 medio
1389 1925 1479 2007 apice
1493 1923 1575 1989 leniter

397 2045 536 2106 recurva,
555 2026 646 2090 totius
661 2027 737 2090 retis
753 2027 932 2109 perangusti
947 2029 1060 2091 areolis
1074 2027 1202 2110 hyalinis
1220 2027 1576 2092 vermiculum-tinentia.

396 2129 647 2214 chloropbpllosis
669 2132 855 2209 linearibus,
885 2131 970 2196 libris
1000 2141 1032 2196 et
1059 2133 1143 2216 poris
1177 2135 1300 2196 omnino
1323 2133 1427 2196 nullis
1474 2129 1575 2214 corat

397 2235 427 2300 in
460 2235 669 2318 pseudopodio
702 2236 908 2300 crassiuscolo
941 2235 1042 2301 albido
1076 2237 1238 2319 capitulum
1271 2255 1438 2320 superans.
1486 2237 1576 2320 Sperne

398 2339 602 2436 ferrugineas.
646 2340 717 2404 loon
740 2340 831 2405 nulla.

482 2461 587 2526 llodit.
622 2462 653 2524 in
685 2462 841 2544 paludosis
875 2471 907 2526 et
942 2463 1067 2546 aquosis
1098 2462 1229 2546 (insulas
1265 2461 1470 2542 ellornaansl)
1505 2453 1599 2546 propri

395 2566 542 2649 chbsete
562 2566 734 2650 Lepponiae
756 2567 898 2630 Lulensis
913 2568 965 2631 ubi
980 2568 1051 2631 clar.
1069 2568 1228 2632 Anosrnbn
1248 2576 1366 2634 aestate
1385 2567 1471 2634 1858
1486 2570 1572 2652 prinu

394 2672 469 2754 legit
491 2678 523 2733 et
545 2671 677 2755 copiosis
699 2671 974 2756 pulcherrimisque
998 2673 1217 2756 speciminibus
1241 2673 1331 2737 misit

481 2778 585 2840 naor.
608 2783 718 2842 metor.
742 2784 870 2842 aestate

464 2897 640 2952 Praecedautc
658 2898 786 2953 robustius
804 2905 831 2951 ct
850 2899 939 2960 dormit
957 2897 1126 2952 ualidioribus
1144 2901 1211 2968 Spd.
1223 2899 1365 2968 sarpidus·
1381 2901 1450 2954 lraud
1463 2899 1569 2954 tina

395 2985 478 3038 caulis
496 2988 595 3040 cortice
614 3001 719 3053 eram,
750 2985 869 3040 loliorum
889 2985 1049 3039 caullnorum
1066 2994 1094 3038 et
1111 3003 1254 3040 rumeorum
1274 2987 1356 3042 lom
1374 2997 1404 3040 ct
1420 2989 1572 3042 eom

393 3073 615 3140 periebnetialiarn
644 3073 826 3128 reticulatioua
853 3083 879 3126 et
908 3072 1013 3127 lloriltur
1043 3074 1136 3128 didicis
1167 3075 1257 3142 specie
1282 3075 1425 3130 diam
1460 3071 1570 3128 Aa&

391 3159 506 3213 mascula
525 3159 577 3214 illle
596 3162 662 3231 Spa.
680 3161 831 3229 oymlifolr't'
855 3161 962 3228 similia,
986 3160 1051 3214 lolio
1073 3159 1177 3214 cantiae
1201 3161 1255 3215 illis
1273 3163 1342 3232 Sp&
1360 3163 1493 3230 subtura·
1506 3161 1571 3213 ¹⁷¹³

391 3257 476 3301 tamen
494 3247 628 3314 fimbriata,
646 3248 708 3302 lolia
728 3264 813 3302 ramea
832 3247 884 3300 illis
901 3249 969 3317 Spl.
988 3247 1156 3317 Liuiarpii.

744 3439 784 3506 n.
814 3437 987 3524 splegno·
1009 3437 1224 3522 eynbttottn.

793 3579 863 3632 orm
883 3579 963 3631 Enna.
983 3579 1099 3633 llannor.
1118 3579 1184 3650 ldap.

478 3697 598 3764 Plantae
621 3699 765 3764 robustae
789 3681 992 3785 semipedales
1016 3709 1048 3766 et
1069 3701 1206 3784 pedales,
1230 3721 1287 3785 pro
1310 3719 1397 3766 more
1420 3701 1567 3786 ripoinum

390 3803 541 3886 caespites
563 3801 696 3866 laxiores
719 3804 943 3888 densioresque
967 3805 1165 3872 ell'ormantes
1182 3825 1265 3871 nunc
1281 3806 1391 3889 pallide
1407 3807 1457 3870 rel
1472 3805 1567 3888 prisea*

390 3912 422 3970 et
444 3905 725 3971 climaco-virides
755 3927 836 3972 nunc
858 3918 1129 3992 purpurascentes.
1175 3910 1278 3974 Gaulis
1302 3909 1436 3990 solidus,
1458 3909 1566 3992 ΕΜ

387 4028 483 4094 opere
506 4011 653 4076 celluloso
676 4012 811 4077 corticali
846 4013 933 4077 valde
964 4015 1131 4097 spongioso
1162 4023 1292 4079 stratum
1323 4015 1435 4098 triplex
1462 4021 1491 4076 et
1510 4027 1565 4090 qv

388 4115 517 4198 druplex
550 4135 568 4179 e
605 4115 721 4179 cellulis
757 4116 1014 4199 spirali-librosis
1047 4124 1080 4181 et
1111 4121 1234 4202 perosis
1257 4119 1447 4183 ellornntun
1476 4117 1564 4178 aaa&

388 4225 504 4286 tuente.
549 4220 666 4284 llaoruli
695 4219 788 4304 patuli
811 4219 831 4284 2
853 4220 901 4284 vel
925 4218 945 4286 3
968 4223 1102 4304 arcuati,
1134 4219 1561 4306 torpescenti-tegetum
1596 4277 1597 4290 ,

389 4323 512 4405 penduli
535 4323 621 4388 valdo
650 4325 782 4408 elongati
814 4324 915 4407 pallidi
947 4325 1023 4388 cauli
1051 4326 1211 4409 adpressi3
1244 4326 1363 4391 cellulis
1395 4321 1559 4390 mitian·

388 4429 527 4492 omnibus
559 4427 706 4492 similibus
743 4429 893 4511 spirileris
931 4431 1037 4511 partim
1072 4431 1109 4496 ad
1143 4434 1367 4496 extremitatem
1397 4430 1554 4512 superio*

386 4533 530 4614 pertusis.
575 4531 656 4596 Folia
680 4533 797 4598 caulina
821 4533 1168 4617 ungutam-spatiatim,
1200 4537 1288 4619 apice
1317 4533 1474 4600 rotundato
1495 4541 1554 4610 pt*
