3238 5352
591 355 757 412 mdo.
1230 356 1271 412 ΠΙ

101 529 325 612 betesmon,
348 529 519 611 sptcctne,
540 529 725 610 meatu,
749 529 865 596 ionium
885 537 1082 613 psactotsm,
1104 531 1269 614 Poposoto

103 633 232 697 abidon*
253 653 280 698 e.
302 647 331 696 c.
353 635 497 698 occurrit.

169 737 334 822 Proprqutio
357 756 376 800 e
396 739 562 802 tuber-ostis
583 738 857 822 piurimismuscis
880 738 1000 820 propria
1024 746 1090 802 cst:
1113 737 1269 804 tuberculo

107 843 317 906 morosissime
338 844 534 926 reperiuntur
555 842 593 908 ad
615 842 736 908 radices
758 843 1025 922 Dierusctimm,
1047 843 1268 921 mestorurq

110 947 307 1026 ΗΜ,
330 945 488 1030 Bryon*
507 968 537 1012 e.
559 967 598 1012 m.
621 950 675 1029 ab,
698 965 759 1031 quo
781 947 814 1010 fit
834 956 868 1011 ut
889 947 1001 1030 stirpes
1023 963 1099 1030 quos
1122 948 1153 1010 in
1175 946 1268 1026 saxis,

106 1052 176 1112 suris
195 1057 309 1116 terram
339 1050 513 1133 disturbas,
548 1070 670 1134 semper
698 1069 880 1136 semperque
913 1052 1107 1116 erodioibos
1136 1049 1268 1114 residuis

102 1153 294 1240 msurprnt”.

175 1259 358 1339 omnine,
391 1277 470 1343 quae
493 1279 511 1322 ι
534 1259 895 1343 contemnentem·
924 1261 1068 1326 meret
1097 1241 1266 1341 erumpunt,

99 1361 222 1444 pirutshs
243 1381 338 1427 novas
360 1363 536 1444 eiiormsnt3
558 1364 701 1446 mancio,
726 1383 803 1446 quoe
827 1365 858 1426 in
880 1345 1155 1428 Arrtocomn's'omrm
1176 1377 1267 1444 pseu-

100 1467 214 1549 dopodiis
233 1469 393 1532 sosrvuios
416 1469 484 1532 iilos
507 1469 734 1550 puiseruIentos
756 1468 881 1552 fingunt,
908 1468 1067 1531 lenticulae
1086 1485 1163 1550 qums
1189 1464 1269 1549 apud
1400 1543 1404 1550 Ι

105 1572 289 1654 idroptr'derrr
311 1572 471 1655 epatbuios
494 1591 512 1636 e
535 1572 614 1636 ioiiis
638 1571 813 1636 deformatis
836 1571 994 1656 eleganter
1008 1572 1191 1663 compositos
1213 1571 1268 1632 im·

105 1675 175 1755 pient,
182 1676 322 1741 birmento
332 1677 389 1740 ista
399 1675 591 1740 sntidtnscutn
602 1676 814 1755 iuscesccntia,
833 1693 911 1758 quse
926 1677 1061 1760 cpogioa
1074 1675 1123 1740 vei
1133 1695 1151 1738 e
1161 1681 1268 1738 costae

105 1781 260 1844 emenone
277 1781 555 1860 Ortbotricborunr,
578 1781 879 1861 Sprrbopodontr'snr
891 1779 1099 1862 egrediantur,
1115 1775 1268 1842 radicuise

100 1882 210 1965 potore,
232 1903 311 1968 quae
334 1885 502 1968 plantarum
525 1884 640 1966 apicem
662 1883 836 1964 Leocobryr'
857 1883 963 1964 ptosoi
983 1882 1115 1946 obruunt
1135 1881 1267 1944 eouiem·

97 2003 145 2066 qus
164 1988 314 2052 unitorum
337 1989 538 2052 Dicrunorum
560 1993 698 2050 tomento
717 1987 879 2070 obtegunt,
902 1987 1009 2050 rumuli
1032 1986 1161 2068 iolinque
1184 1983 1267 2048 deoi-

95 2089 159 2170 ιιι,
185 2091 256 2155 brec
279 2093 381 2156 omnia
403 2090 502 2155 iocum
526 2090 672 2154 seminum
702 2097 808 2154 teuent
828 2097 918 2172 atque
941 2089 1106 2172 plantarum
1128 2087 1267 2171 multipii-

92 2195 218 2258 crtiouen
239 2197 400 2280 plurimum
419 2191 604 2280 jurant***.

602 2387 673 2468 [ΛΡ.
701 2387 733 2454 ΙΙ.

402 2525 463 2597 De
494 2525 744 2622 vegetationis
772 2525 934 2621 organis.

533 2682 558 2744 9.
573 2681 593 2734 l.
623 2682 672 2734 De
689 2681 804 2734 redico.

162 2816 277 2896 Rudis,
308 2837 380 2900 psrs
408 2819 457 2882 ilio
488 2819 660 2883 essentialis
690 2819 825 2901 stirpium
849 2835 908 2900 qua
939 2819 1056 2900 plantae
1086 2813 1147 2882 nori
1169 2818 1264 2882 solum

89 2913 193 2981 strutus
212 2921 267 2983 sed
289 2921 381 2984 etism
405 2921 568 2984 iniciuntur
588 2929 750 3006 terraeque
774 2923 881 2986 aiiixae
903 2930 1076 3004 remanent,
1106 2921 1179 2984 uuiti
1201 2939 1265 2984 mu·

88 3033 191 3084 tuorum
213 3023 346 3105 speciei,
371 3043 410 3086 ue
433 3025 561 3088 minimis
584 3025 723 3108 quidem,
747 3028 881 3108 memus
905 3027 943 3089 ab
965 3027 1096 3108 antiquis
1118 3025 1265 3090 bonnicis

88 3128 344 3192 etmeeutioribus
367 3130 518 3192 nonnuliis
540 3137 680 3212 negetur,
705 3130 801 3194 deest.

159 3230 269 3295 ibsscu
292 3233 457 3298 esiiissimo
480 3233 590 3315 aliique
611 3234 782 3296 tenuissimi
805 3233 1037 3315 procerioresve
1061 3232 1155 3295 musci
1177 3247 1265 3295 manu

95 3328 140 3392 itti
155 3336 311 3418 periteque
341 3338 456 3400 metati
479 3337 626 3401 radiculas
655 3355 726 3401 suas
758 3338 947 3401 observaturi
977 3335 1156 3420 spectandas
1179 3334 1263 3398 enbi-

95 3433 156 3500 θοι
197 3441 278 3514 Ouio
301 3448 333 3504 et
354 3440 423 3504 iliae
445 3442 580 3524 species,
614 3457 691 3524 quae
715 3441 873 3505 arboribus
895 3441 1038 3523 suisque
1060 3438 1262 3504 adhaerentes

92 3539 179 3604 fflus
201 3545 327 3628 organis
351 3544 624 3626 concrementur,
647 3547 693 3608 eis
713 3545 804 3608 etiam
822 3545 999 3627 providente
1015 3551 1119 3607 natura
1134 3543 1264 3607 instruo·
1319 3537 1326 3546 '

88 3649 126 3706 ise
151 3657 229 3712 suut.
282 3649 367 3712 Nuiia
397 3649 509 3712 etenim
539 3649 627 3712 detor
654 3649 832 3731 superficies
861 3649 940 3712 adeo
970 3648 1063 3712 laevis
1094 3663 1171 3729 quae
1201 3663 1263 3710 nou

87 3753 285 3830 trpemtatibus
306 3754 484 3837 lacunisque
500 3760 625 3832 scateat,
648 3754 679 3815 in
702 3753 810 3835 quibus
832 3752 913 3815 bumi
934 3751 1085 3817 uoiituub's
1100 3750 1263 3834 porticulus

88 3855 170 3918 renos
191 3856 342 3920 adductae
372 3865 404 3920 et
425 3856 542 3920 bumori
572 3857 690 3939 pluviali
718 3864 882 3921 concretos
903 3863 1123 3921 coacervantur
1145 3862 1177 3918 et
1199 3872 1263 3918 mu·

88 3973 191 4022 mum
214 3961 371 4026 seminuiis
401 3979 441 4025 eo
464 3979 537 4025 casu
568 3960 675 4026 deictis
698 3961 795 4026 solum
824 3961 964 4026 radiculis
988 3960 1140 4024 firmandis
1163 3965 1263 4042 aptum

88 4077 237 4148 mosque
260 4065 455 4152 qonembttes
477 4065 632 4146 praebent

158 4169 294 4253 Plerique
323 4170 420 4242 musci
451 4168 489 4232 ad
519 4168 639 4235 radices
670 4167 804 4253 agendos
832 4168 910 4233 odeo
940 4167 1090 4252 proclives
1118 4173 1199 4246 suot,
1231 4173 1264 4230 ut

93 4279 266 4296 Ἢ--η

160 4325 170 4348 “
190 4327 246 4378 virt.
266 4325 307 4377 W.
327 4323 371 4378 Pa.
392 4325 528 4392 Sensum
546 4321 702 4396 Eiulcituug.
721 4335 747 4378 et
765 4323 857 4378 icones
874 4323 934 4377 st.
948 4321 980 4376 ss.

144 4411 169 4436 '⁸
188 4413 245 4466 vio.
264 4411 357 4465 leones
376 4409 440 4463 st.
452 4408 485 4461 11.

131 4499 168 4524 '¹'
187 4501 243 4554 Vid
263 4499 357 4553 icones
375 4497 439 4552 tab.
452 4496 487 4550 ΙΙ.
