3238 5352
564 389 728 446 huodnctio.
1143 387 1240 446 mv

80 565 330 630 sublimata.
352 567 515 648 molo,
537 565 685 648 miquo
707 571 783 646 etc,
807 563 879 630 dum
902 563 985 628 sicca
1006 563 1086 647 sint,
1109 567 1238 650 emensi

78 677 215 750 mucul,
236 671 269 732 in
292 669 455 752 Brpocein
478 670 689 747 notamen,
713 669 891 752 Hypnooeia
905 673 1010 734 cunin
1032 669 1069 733 ab
1085 665 1240 736 exteriore

76 793 127 838 ecee
144 782 310 858 resurgunt,
334 777 375 838 ita
397 781 430 840 ut
451 791 469 838 e
492 774 556 838 basi
579 781 713 856 patente,
737 773 857 838 inlerne
872 791 967 838 vacua
990 773 1069 836 inter
1092 791 1128 836 se
1144 773 1240 856 spetiu

76 879 257 960 relinquentes,
282 879 371 962 apice
393 879 590 944 conniventes
614 878 662 940 vel
685 878 812 958 incurvi,
836 877 942 940 nubam
959 877 1135 942 coronulam
1150 876 1236 942 ellin-

76 991 137 1064 gut,
164 986 192 1045 in
220 984 449 1048 Fieeioentibas
479 1001 497 1046 e
526 983 626 1065 patula
648 982 715 1046 basi
745 980 939 1064 geniculatim
972 980 1181 1062 inflectuntur,
1205 982 1237 1045 in

75 1087 196 1150 boemii
224 1089 439 1170 ontipyvetv'co
468 1087 668 1152 involvuntur.
721 1085 753 1148 lu
784 1085 990 1149 Ortbotn‘cbir
1020 1085 1174 1168 plurimis,
1208 1086 1241 1148 in

75 1193 290 1272 ippodontibua,
313 1191 494 1274 Splocbneis,
520 1191 825 1272 smcptodcnnous,
846 1189 1030 1268 Fabi-ostiis,
1053 1189 1163 1254 dentes
1186 1207 1240 1254 ex·

74 1296 204 1358 sicione
224 1295 309 1360 adeo
331 1295 547 1375 reflectuntur,
582 1303 614 1360 ut
636 1294 778 1377 capsulae
800 1293 908 1375 parieti
930 1300 1060 1357 externo
1081 1301 1166 1358 arcte
1188 1311 1241 1378 ep·

72 1400 208 1480 primantur.
244 1400 282 1464 lu
308 1401 459 1481 Toploric
479 1399 679 1480 splocbnoide
700 1397 875 1462 humiditate
897 1396 976 1461 intre
997 1397 1139 1480 capsulae
1161 1415 1240 1462 mar·

74 1503 145 1582 giren
174 1505 330 1566 internum
365 1503 495 1587 gpmttm
529 1502 673 1582 involuti,
714 1503 849 1564 siccitate
882 1521 900 1562 e
932 1503 1070 1586 mergine
1109 1509 1239 1568 externo

78 1607 412 1686 cbeinmto-delluentes,
435 1599 476 1670 ei
488 1611 570 1669 unta
591 1607 620 1668 vi
643 1606 869 1690 bpgroscopica'
887 1605 1057 1688 gaudentes
1079 1608 1239 1690 reperiun-

80 1712 324 1776 tnrntlenissimo
347 1709 441 1773 balitn
462 1709 595 1774 admisso
617 1709 855 1774 contremiscant
874 1709 1074 1792 diversasque
1097 1711 1240 1776 convolu-

80 1813 152 1893 fiune,
170 1816 411 1878 vermiculorum
435 1815 466 1876 in
490 1814 609 1877 modum
633 1814 774 1878 efficiant,
813 1814 986 1878 ttuecorum
1009 1813 1117 1879 dentes
1141 1816 1241 1878 minus

74 1915 256 2004 lpposcoptci,
274 1927 313 1984 ut
334 1921 525 1998 Weisiovwn,
545 1919 831 1996 Tmcboatumomm,
850 1919 1120 1998 Rooomilriovunn,
1142 1919 1241 2002 Poly-

72 2025 278 2104 mum,
312 2032 427 2088 tanturn
458 2024 496 2088 ab
524 2024 666 2088 inclinato
693 2021 862 2086 directione
884 2023 1035 2105 primitiva
1057 2022 1089 2085 in
1111 2040 1241 2105 perpen-

69 2125 200 2194 lbolerem
222 2131 410 2214 crigvmtur3
444 2129 475 2190 in
496 2122 662 2206 Burbulin,
694 2126 745 2190 ubi
774 2145 791 2190 a
813 2127 909 2208 prima
932 2133 1031 2200 aetate
1053 2128 1135 2192 circa
1157 2127 1241 2192 colu-

69 2231 160 2296 mellam
178 2233 418 2312 convolvuntur,
442 2249 510 2296 asc
533 2232 662 2296 invicem
686 2232 737 2294 teli
751 2230 842 2294 modo
857 2238 1063 2311 removentur,
1087 2239 1121 2294 ut
1140 2230 1241 2314 sporis

68 2337 200 2400 somnne
223 2340 330 2402 exitus
354 2336 490 2400 luteralis
512 2343 622 2418 puteat.
658 2335 691 2398 ln
714 2334 781 2416 aliis
805 2335 968 2418 speciebus
992 2335 1050 2399 alie
1072 2341 1122 2398 est
1136 2351 1241 2397 norma

68 2455 110 2518 nuo
127 2443 269 2506 seminuda
294 2442 517 2523 disperguntur
538 2440 605 2521 vel,
630 2457 687 2522 per
707 2444 827 2521 tempus
849 2439 1095 2521 inopportunum,
1118 2438 1150 2499 in
1172 2453 1241 2518 spo·

66 2544 147 2624 nugo
176 2543 278 2608 abdita
312 2545 505 2621 retinentur,
538 2541 577 2606 de
599 2543 690 2606 variis
722 2543 919 2624 caeteroquin
946 2541 994 2606 bis
1022 2540 1241 2624 phoenomenis

64 2639 263 2731 bgrmcoptcis
287 2647 468 2731 singulatim
491 2648 521 2710 in
537 2645 724 2730 singulorum
744 2646 917 2728 specierum
932 2645 1137 2728 descriptione
1160 2643 1242 2708 locu·

64 2749 107 2808 turi
124 2769 231 2816 mnus.
347 2758 352 2766 '
1145 2766 1148 2774 '

128 2854 311 2922 llonendum
337 2854 472 2936 denique
495 2863 561 2936 est,
592 2856 760 2939 peristomii
782 2855 892 2918 dentm
915 2856 1048 2918 omnium
1070 2854 1137 2918 lere
1160 2871 1241 2918 mus·

64 2971 144 3020 mmm
163 2957 219 3022 boc
238 2964 393 3042 apparatu
416 2957 629 3042 gaudentium,
653 2959 828 3024 bumiditate
848 2959 1029 3041 primitivam
1051 2976 1137 3022 suam
1159 2958 1242 3040 posi-

63 3057 149 3124 t'onem
169 3071 280 3145 petere
305 3063 402 3146 inque
433 3079 540 3126 conum
572 3063 740 3146 tbolumvc‚
774 3064 916 3147 capsulae
946 3069 1118 3147 aperturam
1148 3068 1242 3127 mlum

64 3163 98 3224 nt
112 3183 160 3246 pro
174 3174 262 3248 perte
279 3165 477 3230 claudentem
493 3184 660 3249 assurgere
675 3169 734 3249 vel,
758 3186 826 3231 curn
842 3167 939 3230 crecti
960 3174 1041 3247 sunt,
1065 3167 1242 3230 connivere.

126 3271 342 3334 Peristomiuru
365 3270 516 3332 internum
539 3279 589 3352 ut,
613 3280 718 3336 contra
740 3271 911 3355 opinionem
935 3270 1148 3334 nonnullortun
1169 3268 1242 3352 pbp-

70 3375 227 3458 bonorum,
252 3373 512 3458 supradiximus,
536 3377 685 3460 originem
701 3395 786 3440 suum
807 3393 825 3438 c
847 3375 905 3439 telo
921 3374 1066 3438 cellulose
1088 3375 1244 3458 sporangii

72 3471 135 3558 luein
161 3488 229 3560 aut,
266 3481 297 3542 si
322 3480 440 3558 mavis,
474 3479 505 3542 iu
526 3480 577 3544 illo
600 3485 694 3544 struto
717 3481 864 3546 celluloso
887 3479 995 3559 oritur,
1018 3497 1078 3561 quo
1103 3485 1241 3559 suatum,

69 3580 122 3656 titi
140 3585 297 3667 sporangii
323 3583 531 3674 membranum
554 3591 711 3648 externam
728 3585 877 3664 efformet,
900 3583 1016 3654 directe
1039 3583 1241 3664 contingatur.

128 3689 155 3748 Si
174 3688 357 3771 peristomii
379 3686 469 3770 hujus
492 3688 629 3770 sormam,
654 3689 883 3752 consistentiam
904 3695 936 3750 et
956 3687 1091 3752 colorem
1106 3707 1174 3752 cum
1196 3686 1243 3750 eis

66 3787 201 3862 penenmd
224 3791 357 3856 externi
379 3809 557 3872 compares,
581 3813 619 3856 ea
641 3793 763 3855 omnino
786 3792 906 3856 diversa
928 3792 1056 3856 videbis.
1099 3791 1242 3856 Plurimo-

67 3903 115 3952 nu
132 3898 204 3960 enim
227 3913 413 3960 muscorum
440 3897 649 3976 peristomium
680 3897 832 3959 internum
860 3897 1076 3960 emembruna
1102 3896 1243 3979 pertenui

69 3989 123 4058 levi
140 3999 334 4066 efformatum
359 4007 418 4079 est,
442 4019 522 4082 queo
543 4001 579 4064 ad
603 4001 691 4064 basin
714 4001 865 4082 usquein
888 4000 1032 4081 lacinias,
1055 4001 1130 4064 cilio
1151 3999 1242 4082 dicta,

69 4113 107 4174 tlt
124 4122 197 4168 uore
220 4107 366 4170 dentinnm
390 4105 562 4168 interstitiis
585 4105 725 4187 aduersa,
748 4105 845 4168 divise
868 4113 932 4186 est,
965 4105 994 4167 in
1017 4105 1084 4169 eliis
1107 4121 1125 4168 e
1148 4123 1242 4170 mem·

71 4199 138 4270 irem
156 4212 313 4296 effingitur
337 4209 607 4294 carleolo-plicata,
631 4230 707 4294 qnae
725 4229 796 4274 sese
819 4212 850 4274 in
873 4210 1008 4290 lucinius,
1032 4211 1153 4274 carinus
1170 4227 1243 4274 con-

74 4306 189 4377 inmites
221 4319 373 4383 dentibus
411 4317 627 4399 interpositas,
665 4337 890 4399 processumque
923 4313 1036 4396 dictas,
1072 4315 1163 4397 inque
1195 4315 1244 4379 lile

79 4411 185 4500 bisne,
205 4423 250 4485 bi·
275 4431 309 4486 et
334 4428 457 4484 terneta
479 4419 619 4486 dentibus
641 4423 788 4504 opposita,
812 4422 918 4486 ciliolc
938 4421 1108 4499 nominata,
1132 4419 1243 4482 dissol-

79 4515 194 4606 temp
208 4527 417 4614 pulcherrime
440 4527 471 4588 in
486 4543 576 4607 geme.
592 4526 690 4610 Brpo,
712 4527 808 4604 linio,
830 4525 943 4608 Hypno
959 4543 987 4587 e.
1004 4525 1243 4657 inconspicitur.

1048 4627 1065 4680 3
