3238 5352
562 353 727 408 introductio.
1193 350 1246 406 LXI

71 549 142 594 raro
163 529 285 594 nmen
299 537 330 592 et
350 530 472 612 saepius
494 529 562 596 ioca
578 528 752 608 hominibus
769 528 849 601 culta
866 533 896 592 et
912 525 1049 607 inprimis
1065 526 1242 608 temperiem

68 652 122 716 pro
146 641 221 714 parte
240 635 403 708 communia
425 633 524 700 habet.
873 629 876 642 '

153 738 263 819 Speoies
284 755 361 818 quae
386 737 504 821 regioni
526 743 650 800 nostrae
674 754 709 800 ao
735 735 897 818 campestri
921 752 1096 800 communes
1121 741 1190 798 sunt
1214 735 1242 796 in

72 843 254 923 praeoedente
275 843 459 925 paragrapho
483 841 677 922 enumerari,
702 839 821 905 nomina
846 857 951 905 earum
975 857 1052 924 quae
1076 858 1093 902 e
1117 838 1243 922 regione

72 945 210 1028 sumpius
230 955 259 1010 et
280 947 387 1028 aipina‘
400 947 433 1008 in
455 944 918 1028 montanamimrnigrauerunt,„
937 943 984 1010 hic
1008 951 1192 1028 sequuntur:

107 1051 212 1114 Weiaia
232 1051 366 1132 cdspuia.
464 1112 467 1122 ,
670 1049 803 1132 Wepera
821 1047 981 1111 ancillata.

104 1155 252 1220 iticrururn
274 1154 395 1234 Sturii,
477 1175 481 1182 ·
519 1203 523 1213 .
624 1217 627 1227 ,
670 1152 780 1228 tioium
804 1152 971 1236 spinosum,
1017 1226 1039 1243 ,Ι

218 1259 414 1343 iongiioiitun,
800 1257 1030 1348 sungloinasuopt

217 1364 347 1428 sartori.
667 1351 830 1441 Bartramia
853 1361 1035 1443 Hallerinna,
1081 1445 1083 1454 y
1162 1349 1163 1352 '
1233 1442 1236 1457 Ι

104 1465 291 1537 Dmmrtodon
313 1467 466 1533 noricam.
593 1529 596 1536 ,
800 1464 925 1529 Ocderi.

107 1568 381 1638 unnuemmuom.
668 1568 791 1633 ‘simmia
814 1569 973 1635 austriaca.

115 1672 311 1742 (trunti-icium
335 1677 467 1756 Sturnrii,
668 1672 886 1758 Oligotriohum
908 1673 1113 1764 hercynicum.

213 1781 402 1864 umigerum.
668 1777 894 1841 Orthothecium
918 1778 1090 1859 rufescnnS,

107 1883 224 1948 nnuma
247 1891 346 1950 oratu.
795 1882 975 1946 intricatum.

100 1985 296 2054 iiaoomitriurn
319 1987 513 2068 sedericum
664 1985 783 2050 Leskea
807 2003 947 2052 neruosa.

212 2093 404 2174 fasciculam,
664 2089 888 2156 Pseudoteskea
911 2091 1105 2172 atro-virens,

211 2199 440 2280 microcarpum.
793 2194 971 2260 catenulata.

91 2301 260 2381 Sphcirnum
284 2301 483 2384 sphaericum.
662 2299 909 2382 Brachythecium
931 2300 1082 2384 plicatum.

90 2403 217 2486 inpioria
240 2414 371 2486 serrata,
662 2404 799 2486 Hypnum
823 2403 946 2486 Hellen,

209 2509 435 2593 spiachnoidea.
792 2508 975 2592 pallescens,
1078 2495 1080 2500 ¹

91 2611 212 2678 tt'ebera
233 2613 396 2697 Ludwipii.
793 2611 903 2676 fertile,

127 2717 295 2784 Notandum
319 2726 368 2784 est
390 2718 511 2801 species
535 2718 588 2781 ias
613 2720 677 2782 iere
701 2735 805 2781 omnes
829 2715 866 2780 ad
889 2719 1036 2784 terminos
1056 2719 1233 2799 superiores

54 2819 162 2900 hujusce
184 2824 326 2906 regionis
341 2824 503 2905 provenire
521 2830 553 2886 et
567 2841 677 2906 paucas
694 2820 880 2886 solummodo
897 2823 926 2886 in
948 2823 1014 2905 ejus
1031 2829 1117 2904 parte
1135 2819 1232 2884 media

53 2929 78 2982 et
97 2925 245 3007 interiore,
270 2929 322 2991 nbi
345 2928 523 3010 plerumque
547 2928 669 2992 steriles
693 2929 905 2990 inveniuntur·
942 2927 1015 2990 Cum
1038 2944 1114 2992 zona
1140 2927 1231 2989 inter-

55 3029 257 3094 meditantem
282 3051 393 3098 uersus
417 3033 654 3114 septentrionem
677 3031 829 3114 procedit,
862 3033 946 3095 utin
971 3031 1111 3110 Sudetis,
1137 3031 1232 3092 musei

58 3132 179 3215 subalpini
202 3155 272 3198 curn
297 3138 446 3200 montanis
471 3138 568 3222 magis
591 3138 747 3222 magisque
771 3137 1022 3216 commiscentur,
1048 3143 1078 3198 et
1101 3137 1131 3199 in
1155 3153 1231 3198 zona

64 3240 262 3314 repemriomti
288 3259 348 3306 non
372 3259 459 3314 rarae
484 3250 554 3308 suut
570 3243 700 3324 species,
725 3260 802 3324 quae
825 3260 974 3304 esumma
990 3241 1117 3326 regione
1134 3240 1230 3321 alpina

66 3343 89 3396 ti
103 3344 276 3426 tupraaipina
298 3363 399 3426 usque
423 3345 460 3408 ud
484 3347 645 3410 terminum
668 3345 798 3408 intimum
822 3347 958 3432 regionis
987 3353 1145 3412 montanae
1175 3344 1229 3407 de·

67 3446 198 3528 annunt,
223 3455 256 3512 et
280 3450 311 3513 in
335 3451 431 3530 ipsam
455 3457 654 3532 campestrem
676 3451 854 3531 irrumpunt.

429 3645 454 3703 ὃ.
474 3641 501 3696 3.
537 3643 637 3702 Boario
656 3643 831 3708 subalpina.

399 3746 481 3806 (Vide
506 3746 627 3800 Tabulam
650 3765 771 3801 annexam
799 3749 862 3813 iii.)

123 3865 280 3950 Sundpino
304 3877 429 3933 vocatur
451 3871 539 3952 ragio
562 3887 656 3952 qnae,
681 3881 849 3937 montanam
872 3874 952 3935 inter
976 3877 1007 3932 et
1027 3870 1156 3952 alpinam
1174 3874 1228 3954 ja-

56 3980 122 4042 rens,
140 3988 156 4030 a
176 3969 271 4032 limite
296 3971 371 4055 Fagi
394 3975 620 4041 subcrescentis
644 3977 680 4038 ad
705 3980 864 4040 terminum
889 3976 1077 4062 superiorem
1108 3974 1227 4039 Abietis

58 4083 113 4128 etse
131 4073 270 4140 extendit.
307 4077 366 4141 Per
387 4080 546 4160 regionam
570 4079 645 4146 hanc
669 4081 777 4166 Fagus,
802 4083 853 4146 ubi
876 4081 1025 4164 prouenit,
1050 4080 1106 4141 sub
1131 4081 1226 4146 iorrna

62 4169 151 4237 truncis
170 4181 368 4262 conspicitur,
393 4181 484 4250 lituus
497 4183 602 4251 dhies
625 4185 722 4248 iocum
746 4187 775 4248 P.
792 4187 897 4263 Pioeaa
922 4192 1015 4264 tenet,
1040 4185 1070 4248 P.
1085 4184 1175 4247 Larix
1196 4193 1226 4248 et

62 4270 83 4331 P·
98 4277 210 4344 &mira
232 4285 298 4348 suis
323 4285 548 4368 loonputcnre
571 4291 691 4373 vigent3
716 4291 745 4355 in
768 4309 845 4354 zona
868 4288 1096 4372 septentrionaii
1118 4286 1224 4350 Betqu

65 4375 106 4440 dia
126 4383 165 4463 in,
188 4388 269 4452 unde
286 4391 481 4474 atiam'regto
499 4392 629 4456 betulina
643 4403 783 4476 vocatur3
808 4397 951 4458 montium
975 4392 1127 4458 cacumina
1145 4389 1224 4451 haud

68 4495 111 4544 nm
122 4491 194 4550 omni
209 4500 316 4558 caram
332 4496 526 4576 vegetatione
542 4497 696 4582 epirotica,
714 4508 803 4584 atque
818 4501 938 4583 pascuis
955 4499 1003 4562 vei
1017 4497 1048 4558 in
1065 4493 1220 4576 depressis
