3122 5362
777 381 779 389 '
861 379 1032 432 waisisosae

479 553 520 616 Fl.
544 553 622 635 lspp
667 552 718 615 Ba.
742 561 774 615 et
796 551 861 616 Seu.
884 552 983 634 Brpol
1007 569 1072 614 eur.
1118 551 1227 614 Ιίιιιιιι
1251 547 1363 612 Skand.
1379 549 1419 614 rt
1460 548 1533 610 llu-

480 675 535 722 sor
558 657 656 739 otyor.
679 656 750 722 Brit
795 657 828 720 G.
852 657 940 720 Mum.
965 657 1093 738 Synops

436 780 540 844 liubit.
565 779 603 842 ad
625 768 767 844 arborum
789 779 967 861 praeprimis
985 777 1188 841 coniferarum
1211 784 1338 841 truncos
1359 783 1391 838 et
1411 775 1441 836 in
1462 773 1536 856 ligno

350 884 481 969 putrido,
504 903 522 947 e
544 886 673 967 regione
702 883 866 966 campestri
888 901 986 966 usque
1010 885 1041 945 in
1064 882 1262 964 subalpinam,
1284 899 1342 963 per
1370 887 1460 944 totam
1483 879 1536 940 lere

351 990 511 1074 Europam,
536 988 727 1052 meridionali
751 987 895 1052 calidiore
919 994 1056 1068 excepta.

437 1095 541 1158 Fract.
564 1100 676 1158 matur.
700 1099 825 1157 aestate.
871 1093 998 1156 Fructus
1020 1091 1177 1158 rarissime
1201 1091 1232 1154 in
1252 1089 1379 1172 planitie
1407 1089 1548 1170 frenum-i

352 1201 411 1264 tius
433 1200 465 1262 in
487 1199 635 1262 montanis
659 1199 850 1280 proveniunt.
882 1192 1072 1280 Exemplaria
1094 1195 1242 1260 ditissime
1267 1193 1475 1261 fructificantia
1498 1201 1533 1262 Dr

351 1303 468 1368 sauma
497 1322 515 1366 e
544 1303 676 1366 Manavia
706 1319 801 1384 prope
824 1302 915 1384 lplna
947 1302 1045 1378 lecta,
1079 1300 1339 1364 elamitarum
1332 1320 1363 1363 sn
1386 1300 1542 1366 Franeouis

352 1427 447 1494 prope
477 1409 652 1486 Emessam,
687 1407 758 1469 clar.
789 1407 911 1470 Μιιιιιι
903 1426 933 1469 rn
958 1407 1065 1468 Silesia
1099 1405 1177 1468 lecta
1209 1406 1375 1482 miserunt3
1407 1407 1475 1490 ipse
1496 1425 1548 1490 pas

350 1513 478 1580 Sneciae
507 1509 762 1591 Wermlandiam‚
795 1511 1009 1589 Delecarlianr,
1041 1527 1135 1592 prope
1166 1508 1330 1590 Holmiam,
1369 1511 1400 1573 in
1429 1500 1548 1596 logess'

349 1619 527 1703 superiore,
555 1617 647 1700 inque
676 1623 774 1678 tractu
801 1615 900 1698 alpino
929 1614 1079 1677 belvetico
1109 1621 1140 1676 et
1170 1613 1397 1697 salisburgensi
1425 1625 1472 1678 sat
1501 1634 1549 1700 cop

350 1725 437 1807 pinse
458 1721 572 1804 reperi.

421 1839 554 1910 caespites
573 1840 735 1909 pulvinantes
754 1857 865 1909 superne
884 1841 975 1894 molles
994 1841 1063 1894 laete
1080 1841 1177 1894 virides
1201 1843 1301 1894 interne
1322 1845 1453 1911 compacti
1474 1845 1541 1896 isare

353 1931 432 2000 ginsi,
453 1930 515 1983 lolia
533 1945 616 1998 opaca
635 1927 796 1996 crispabilia,
821 1927 927 1995 capsula
951 1919 1055 1980 brevior
1073 1928 1208 1982 substrista
1226 1931 1342 1997 speciem
1362 1933 1447 1998 primu
1466 1933 1542 1982 istain

353 2017 518 2088 distinguunt.
562 2015 690 2069 Pulvinuli
714 2015 816 2068 steriles
839 2017 1014 2083 copiosissime
1033 2018 1058 2068 in
1087 2015 1168 2084 sylvis
1186 2019 1315 2084 acarosis,
1347 2021 1501 2088 praeprimis
1519 2018 1544 2068 st

348 2115 453 2160 meos
472 2105 527 2158 Pini
544 2103 679 2173 sylvestris
696 2119 745 2156 uec
763 2119 814 2156 nou
832 2101 940 2156 Betnlse
958 2113 1104 2158 accenset.

744 2279 773 2346 8.
805 2278 963 2346 lllorsau
985 2277 1149 2358 flagellare.

800 2392 887 2446 now.
912 2391 991 2446 lduse.
1011 2392 1094 2445 irond.

438 2507 543 2570 bense
567 2512 598 2570 et
620 2512 776 2586 compacte
797 2507 1011 2588 caespitusum,
1034 2507 1185 2588 caespites
1208 2512 1346 2568 saturate
1370 2505 1491 2572 uirides
1512 2511 1547 2570 ia

351 2609 439 2676 ierne
462 2611 631 2693 ferruginei
654 2609 797 2676 radiculis
827 2618 908 2674 arcte
938 2611 1087 2674 intricatis
1110 2611 1275 2674 intentasti.
1323 2610 1432 2676 Planta
1456 2621 1551 2702 areta*

351 2715 465 2799 pluuias
488 2714 669 2792 dicbotoma‚
693 2721 760 2797 post
784 2714 899 2778 lr'uctus
916 2717 1115 2779 maturitatem
1138 2732 1156 2779 e
1180 2715 1322 2778 loliorum
1338 2717 1445 2780 axillis
1468 2705 1551 2799 supef

350 2821 464 2884 riorum
495 2819 628 2883 ramulos
661 2836 842 2882 numerosos
874 2821 996 2883 strictos
1031 2818 1242 2902 micropbyllos
1273 2819 1406 2904 fragiles
1437 2809 1551 2884 tandem

350 2925 474 3009 lugaces
503 2925 656 2986 emittens.
707 2921 789 2986 Folia
818 2923 1156 3003 lanceolata-subulam,
1180 2941 1332 3004 concaua,
1356 2923 1547 2988 subsecanda

351 3037 383 3094 et
404 3027 548 3105 secunda,
571 3033 655 3089 costa
678 3026 836 3091 latinscula
858 3029 1021 3107 instructa,
1045 3031 1125 3092 sicca
1149 3029 1233 3110 apice
1257 3035 1415 3110 tortuosa,
1443 3049 1548 3092 summ·

352 3133 489 3202 acumine
505 3131 695 3196 denticulata.
733 3131 949 3198 Perichaetium
966 3132 1057 3216 longe
1072 3133 1229 3216 saginans.
1270 3131 1408 3214 Capsuls
1427 3137 1460 3198 in
1477 3133 1545 3216 pedi·

350 3239 429 3304 cello
444 3236 564 3320 pallido,
580 3237 663 3300 sicco
678 3237 870 3299 dextrorsum
886 3243 965 3300 torto
982 3235 1316 3320 elongato-cylindrus,
1335 3239 1463 3307 striata.
1479 3241 1545 3302 sicea

350 3350 468 3408 remote
491 3341 623 3419 sulcata,
646 3339 756 3404 annulo
778 3359 817 3402 ex
839 3359 897 3404 una
921 3343 1003 3404 serie
1026 3342 1200 3405 cellularum
1223 3341 1410 3422 composito.
1461 3341 1542 3424 Brpul

351 3465 455 3530 europ.
478 3445 501 3527 l,
525 3445 596 3508 lab.
613 3441 665 3510 68.

352 3571 524 3634 morosam
543 3567 702 3648 meliore
725 3564 803 3630 loliis
827 3566 975 3630 subulntis
998 3566 1221 3644 beteromallis‚
1255 3565 1354 3630 tbecis
1380 3569 1546 3652 cylindrin's

480 3672 592 3749 rectis,
625 3671 770 3752 operculo
796 3670 981 3755 longiroetro
1010 3689 1149 3736 recurvo.
1194 3671 1298 3734 llsow.
1329 3671 1432 3738 lluse.
1462 3671 1542 3738 irent

480 3775 534 3854 tlt,
556 3774 625 3840 Tab.
655 3773 681 3838 l.
726 3774 805 3839 Baro.
837 3773 934 3857 Brpol.
963 3776 1042 3840 univ.
1087 3774 1134 3839 W.
1159 3783 1191 3852 et
1213 3775 1251 3840 lb
1275 3775 1308 3838 B.
1331 3775 1365 3840 Τ.
1419 3777 1547 3842 Basse

483 3881 547 3944 sm.
570 3877 669 3960 Bryol.
693 3895 758 3944 eur.
781 3878 801 3940 l.
825 3897 851 3940 e.
898 3877 1008 3942 Hanrs.
1035 3877 1144 3943 Skand.
1169 3879 1211 3944 Fl.

439 3985 543 4050 flebit.
566 3981 604 4046 ed
627 3991 751 4046 tmmcos
782 3982 918 4065 putridos
948 3984 1084 4068 regionis
1112 3985 1291 4067 campestris
1323 3991 1355 4048 et
1381 3995 1544 4052 montane,

352 4075 408 4174 per'
437 4105 543 4152 sonam
573 4086 782 4150 intermediam
810 4093 842 4149 et
869 4087 1146 4168 septentrionalem.
1190 4087 1223 4150 ln
1246 4089 1374 4170 Vogeso
1407 4091 1542 4156 interiere

353 4193 532 4278 praeprimis
553 4192 584 4254 in
606 4189 750 4274 stirpibus
772 4192 1016 4273 putrescentibus
1040 4193 1213 4256 Cmtueeae
1234 4213 1348 4258 sescus
1370 4197 1489 4262 inueni
1521 4195 1544 4256 la

352 4295 462 4382 Anglia
483 4294 684 4359 desideratur.
728 4293 813 4357 llaud
836 4311 936 4358 rarum
965 4295 996 4358 in
1018 4297 1161 4361 America
1188 4301 1446 4382 septentrionali,
1475 4299 1543 4364 etia

352 4401 461 4468 miuus
484 4399 726 4466 Canariensibus,

440 4505 544 4570 Ferret.
568 4511 678 4568 natan
702 4501 799 4566 media
822 4509 947 4567 aestate.
