3106 5370
359 377 424 440 828
864 381 1048 436 Funeriaceae.

360 558 489 629 pedicello
506 557 583 612 lineis
606 557 692 610 3-t
710 557 753 610 vix
777 557 892 626 longiore
917 557 1089 608 exsiccatione
1116 555 1214 608 iuieme
1242 557 1403 609 sinistrorsum
1423 571 1499 624 αμα
1538 587 1539 630 ;

359 647 517 700 dextrorsum
537 653 605 698 torto
625 653 650 698 et
668 645 778 714 denique
796 643 951 696 habitatione
970 644 996 694 in
1014 652 1081 696 terra
1099 642 1358 710 argilloso-calcatur.

764 836 791 902 2.
822 835 954 903 lunaria
975 833 1139 902 blbcmlca.

748 975 829 1028 lloolr.
848 977 874 1026 in
892 974 932 1028 lll.
951 973 1056 1028 londin.
1075 976 1115 1028 ed.
1135 975 1160 1028 2.

447 1097 653 1160 Praecedente
677 1098 793 1160 elatior.
837 1097 917 1160 Folia
940 1096 1037 1176 patula
1060 1105 1163 1160 ovato·
1181 1102 1211 1158 et
1227 1095 1511 1177 oblongo-lanceolata

358 1204 476 1266 sensim
498 1203 529 1264 in
551 1200 699 1283 apiculum
721 1208 837 1264 rectum
860 1208 1033 1284 angustata,
1066 1209 1172 1285 argute
1201 1207 1337 1279 serrata,
1370 1207 1444 1261 costa
1461 1197 1513 1258 inin

358 1309 472 1389 apicem
495 1305 631 1368 evanida.
675 1305 802 1387 Capsula
825 1305 855 1367 in
879 1305 1027 1386 pedicello
1049 1305 1187 1388 longiore
1211 1305 1349 1368 siccitate
1372 1311 1427 1367 tota
1445 1301 1512 1384 longi·

357 1412 460 1472 tudine
483 1410 692 1475 sinistrorsum
715 1418 794 1474 torto
818 1417 849 1472 ct
872 1409 948 1473 baud
970 1429 1043 1474 raro
1065 1411 1173 1474 eodem
1197 1427 1291 1473 sensu
1307 1409 1426 1472 volubili
1440 1409 1512 1488 majac

357 1514 476 1598 turgido
499 1515 640 1592 obovata,
663 1513 749 1593 ruia,
780 1512 858 1576 collo
882 1511 1019 1597 longiore
1041 1514 1105 1578 basi
1129 1515 1227 1575 minus
1251 1511 1386 1590 tumido,
1407 1509 1514 1591 operculi

356 1619 616 1682 convexo-conico
640 1617 813 1696 umbonato,
837 1616 928 1680 limbo
944 1618 1180 1700 purpureo-rulo
1196 1617 1232 1680 ad
1249 1617 1393 1698 capsulae
1407 1613 1516 1677 undeinn

357 1723 512 1786 ecellulis
536 1729 710 1786 transverse
733 1720 883 1802 elongatis
906 1721 1021 1786 latiore.
1065 1721 1164 1802 Bryoi.
1188 1740 1252 1784 eur.
1276 1721 1324 1799 lli,
1349 1721 1419 1783 Tab.
1433 1715 1490 1781 tot.

355 1845 390 1906 F.
412 1845 571 1908 bibemricc
595 1843 730 1906 caulibus
746 1842 907 1925 elongatis,
932 1842 1010 1904 loliis
1027 1843 1121 1925 planis
1138 1842 1420 1907 ovato-lanceolatis
1435 1839 1519 1903 sensio

486 1949 662 2011 acuminatis
687 1947 813 2009 serratis
835 1965 930 2010 nervo
962 1948 1039 2012 inira
1070 1949 1184 2031 apicem
1216 1945 1366 2026 mauide,
1398 1941 1539 2028 pediculis¹

484 2053 577 2116 rectis
601 2051 694 2115 Hecu.
719 2059 750 2114 et
772 2051 884 2116 Timon
916 2051 1040 2118 lluscol.
1064 2051 1134 2118 Brit.
1158 2052 1205 2116 ed.
1229 2049 1258 2114 2.
1282 2071 1311 2133 p.
1341 2049 1413 2113 122.
1453 2047 1520 2110 llooa

485 2158 527 2220 lii.
550 2157 645 2220 Lond.
671 2157 719 2220 ed.
744 2155 763 2220 2
787 2175 812 2218 c.
836 2157 935 2220 icone.

397 2261 478 2326 Bnrn.
501 2261 602 2342 Brvol.
626 2262 705 2323 univ.
750 2257 1135 2341 caementarium.
1183 2259 1214 2324 C.
1239 2253 1359 2322 lituum
1385 2259 1494 2340 Synops.

355 2367 390 2427 F.
414 2367 593 2429 Fortunesii
613 2363 693 2427 Bria.
718 2363 815 2446 Brvol.
838 2366 918 2427 univ.
942 2361 977 2443 11,
1001 2383 1028 2446 p.
1052 2360 1092 2426 56
1117 2381 1174 2426 nec
1197 2364 1370 2428 Scnwneoa.

442 2469 545 2533 liubit.
568 2469 600 2530 in
616 2476 697 2530 terra
710 2467 980 2530 humum-arenosa
992 2475 1022 2529 et
1033 2467 1342 2550 arenoso-argiliacea
1356 2467 1395 2532 ad
1408 2479 1523 2551 aggeres

355 2591 445 2656 sopra
468 2591 561 2655 rupes
586 2580 617 2634 et
640 2589 741 2635 muros
764 2590 819 2654 per
841 2591 948 2635 zonam
972 2571 1178 2634 intermediam
1199 2573 1314 2651 rarius,
1352 2575 1472 2656 copiose
1490 2585 1525 2650 po

356 2678 602 2741 meridionalem:
626 2675 814 2739 abundanter
837 2676 898 2757 legi
921 2677 952 2738 in
973 2676 1048 2738 locis
1071 2675 1239 2740 dumetosis
1261 2676 1299 2740 ad
1316 2677 1454 2756 Larium,
1474 2675 1526 2736 lorit

354 2782 501 2845 similibus
525 2782 555 2844 in
580 2780 790 2860 Valle-clausa,
814 2781 844 2842 in
862 2781 975 2843 ditione
992 2781 1208 2863 monspeliensi
1230 2788 1322 2863 atque
1342 2785 1528 2846 avenionensi

353 2903 424 2948 raro
446 2885 478 2948 in
500 2885 628 2948 collibus
657 2885 794 2946 arenosis
825 2883 974 2965 Alsatiae3
1004 2903 1022 2946 e
1045 2885 1182 2948 Sardinia
1213 2885 1261 2948 Fa.
1288 2886 1413 2950 Munna
1441 2885 1514 2949 retu'

354 2989 578 3054 eCorsicacl.
602 2989 746 3066 liupoton,
780 2988 895 3052 clocis
928 2990 1095 3051 numerosis
1127 2989 1227 3052 ltaliae
1251 2991 1414 3054 inferioris
1436 2987 1537 3078 accepia

353 3093 554 3176 pulcherrime
576 3094 607 3155 in
629 3093 753 3174 rupibus
777 3110 871 3174 prope
894 3093 1085 3157 Pori-Vilica
1108 3095 1213 3168 (Seiae
1229 3103 1260 3158 et
1274 3095 1368 3172 Oiae)
1386 3097 1425 3160 cl
1441 3097 1530 3160 Cosas

352 3199 436 3281 legit,
460 3197 491 3260 in
514 3197 666 3278 Hercynia
689 3197 803 3277 llamn,
835 3199 865 3260 in
886 3197 1009 3261 dustria
1040 3201 1199 3281 superiore
1230 3199 1283 3263 Dr.
1308 3201 1437 3265 Saurea
1479 3203 1537 3286 Spex

353 3303 459 3366 cimina
476 3303 595 3364 minima
612 3301 647 3366 cl.
662 3299 823 3364 Daunonn
839 3321 856 3364 e
873 3301 1228 3386 Montibus-rupestribus
1244 3304 1354 3370 Amor.
1371 3315 1450 3390 sept
1466 3303 1537 3384 iniit¹

440 3407 543 3468 limet.
566 3413 677 3469 mutor.
700 3407 796 3486 primo
818 3424 902 3471 vere.

423 3531 446 3582 Α
464 3528 635 3597 praecedente
653 3527 815 3596 distinguitur
834 3527 903 3580 loliis
929 3527 1084 3596 longioribus
1101 3529 1259 3598 pedetentim
1287 3533 1447 3586 acuminatis
1466 3539 1532 3587 am*

352 3619 464 3683 nemetis,
483 3614 605 3684 capsulae
620 3616 700 3666 minua
717 3615 834 3684 turgidae
848 3614 917 3667 collo
930 3613 1052 3684 longiore,
1071 3616 1203 3684 pedicello
1221 3616 1346 3686 longiora
1366 3622 1481 3674 niceitate
1496 3627 1531 3666 t*

353 3702 514 3773 lonffl'tudine
531 3703 658 3756 riuiatram
676 3716 767 3756 versuo
785 3712 860 3756 torto.

771 3893 798 3962 b
829 3894 958 3963 lunaria
977 3909 1119 3964 convena.

783 4051 814 4104 ll.
827 4051 921 4106 Srrucn
933 4053 1008 4108 llaec.
1021 4071 1108 4124 pyren.

437 4189 639 4254 Antecedeuti
662 4191 866 4276 magnitudine
883 4193 996 4274 similis,
1016 4195 1166 4260 interdum
1183 4196 1290 4278 major.
1324 4195 1413 4262 Folia
1430 4197 1532 4261 courir

352 4293 410 4356 late
433 4293 482 4356 vel
506 4293 828 4379 elongato-spathulata
850 4297 918 4380 plus
942 4301 1077 4364 minusve
1100 4302 1200 4364 subito
1223 4303 1425 4384 acuminata,
1448 4313 1534 4374 argute

351 4405 482 4476 semia,
516 4405 602 4464 costa
629 4400 685 4464 sub
715 4401 801 4483 apice
830 4402 936 4468 soluta
980 4405 1107 4486 Capsula
1133 4405 1165 4468 iu
1192 4404 1274 4468 collo
1307 4405 1452 4492 longiore
1479 4409 1533 4468 sut·-

350 4501 492 4594 globoea‚
527 4503 711 4570 lascescens.
758 4503 940 4587 operculum
968 4508 1271 4589 plano-convexum,
1298 4513 1422 4576 sicem
1449 4523 1535 4576 eune
