3106 5370
499 409 639 476 Bryaceae.
1105 403 1166 466 361

61 585 163 648 llabit.
195 583 233 647 ad
268 600 372 646 muros
406 600 560 666 rupesque
593 600 760 648 arenaceas
792 601 809 644 e
844 585 974 667 regione
1007 587 1170 666 campestri

8 707 67 770 vpne
90 693 121 752 in
144 691 273 772 alpinam
295 689 347 751 ubi
369 689 480 752 lormas
503 691 602 753 varias
625 687 734 766 induit,
765 688 989 769 varietatesque
1012 689 1169 750 constituit

8 813 58 876 pra
87 793 237 873 laudatas,
260 813 337 876 quae
360 793 397 859 ad
420 811 512 876 rupes
535 793 669 857 madidas
691 795 872 875 proveniunt
893 799 983 873 atque
1006 792 1082 857 locis
1104 793 1168 855 suis

13 899 103 962 forma
126 898 255 962 normali
280 899 366 961 valde
390 898 530 963 diversae
554 899 704 962 videntur.

53 1005 158 1068 Fruct.
181 1011 293 1067 matur.
317 1003 412 1089 llajo,
435 1002 544 1083 lunio,
567 1004 598 1065 in
620 1002 748 1086 Alpibus
771 1001 851 1065 lulio
873 1009 907 1064 et
929 1000 1080 1084 Augusto.

37 1123 111 1176 locis
134 1126 217 1177 siccis
243 1125 325 1180 caulis
347 1125 482 1193 perbrevis
505 1127 549 1177 vix
576 1124 663 1192 plures
690 1123 772 1176 lineas
799 1123 866 1177 altus
890 1123 1030 1191 reperitur,
1058 1125 1168 1178 humidis

8 1221 52 1264 rtrs
70 1213 299 1266 bi-triuncialis.
335 1212 410 1267 Folia
433 1213 488 1266 basi
513 1229 615 1282 semper
637 1212 756 1264 rubentia
782 1212 864 1264 minus
883 1212 998 1264 conserta
1015 1221 1074 1264 sunt
1091 1228 1166 1282 quam

15 1301 59 1352 llr.
78 1300 258 1368 caespiticio,
278 1301 393 1353 siccitate
413 1299 582 1370 complicata,
600 1299 792 1368 torquescentia
809 1309 835 1351 et
853 1298 896 1350 bic
913 1298 970 1350 illic
991 1307 1166 1368 contorquente,

8 1397 34 1440 ta
51 1389 159 1441 brevius
179 1386 314 1456 longiusvc
333 1390 476 1442 excedente
493 1387 535 1442 vel
554 1390 580 1439 in
600 1387 655 1440 lolii
674 1386 776 1455 spiculo
795 1387 910 1438 evanida.
941 1385 1052 1454 Capsula
1065 1377 1167 1455 longior

9 1478 140 1544 rugosum·
160 1485 200 1528 est
218 1491 293 1544 mam
314 1477 341 1527 in
367 1473 429 1543 illo,
459 1475 583 1544 operculo
609 1475 722 1541 minore,
746 1473 875 1526 lubentius
900 1472 1064 1526 horisontalis
1089 1489 1165 1543 want

8 1563 94 1632 licata,
114 1579 246 1633 nunquam
264 1562 385 1631 pendula,
404 1565 474 1616 sicca
492 1564 617 1616 urilicium
636 1578 725 1614 versus
744 1563 840 1614 saneim
857 1577 905 1614 nac
924 1560 1008 1614 subito
1024 1571 1165 1629 sngrntsua

8 1669 21 1704 r.
40 1653 69 1716 β.
90 1653 225 1720 caespites
242 1660 415 1704 tumescentes
433 1651 543 1719 pollices
561 1652 630 1704 2-s
649 1650 714 1704 altor
733 1652 801 1702 intus
819 1648 925 1718 pulchre
944 1665 959 1701 e
978 1650 1067 1702 vinoso
1080 1649 1165 1702 lusco·

8 1749 120 1791 estante
133 1739 313 1793 rulo-senatos
325 1739 490 1806 efficientem,
510 1741 604 1792 tamin
623 1737 732 1806 Alpibus
752 1737 886 1792 helveticis
905 1739 944 1796 (in
963 1754 1018 1806 rup.
1033 1737 1167 1805 Bsalalps

17 1828 176 1890 licoides-n)
198 1843 274 1897 quam
297 1828 443 1894 norvegicis
466 1828 568 1880 omnino
586 1843 644 1880 cum
664 1827 712 1879 llr.
730 1832 859 1880 contexto
876 1841 892 1878 a
909 1824 1008 1880 Funlxio
1027 1825 1164 1878 communi·

8 1929 20 1966 t
37 1924 229 1983 congruentem
247 1914 341 1982 reperi.

348 2123 397 2191 20.
428 2123 535 2206 bryon
557 2124 783 2193 subrutundun.

435 2279 506 2334 Bam.
525 2281 613 2350 Bryol.
632 2284 701 2336 univ.

44 2421 174 2483 llumile
214 2421 465 2502 caespitulosum‚
509 2425 682 2506 gregarium
721 2433 752 2488 et
789 2423 1020 2487 subsolitarium.
1066 2422 1166 2486 Caulis

8 2527 206 2604 ipsissimus,
232 2527 473 2590 innovationibus
490 2529 633 2590 brevibus
649 2529 917 2611 gemmilormibus.
948 2527 1028 2591 Folia
1051 2527 1167 2592 caulina

8 2633 104 2693 eriora
142 2630 278 2708 minuta,
317 2635 622 2711 ovato-acuminata,
662 2639 745 2698 costa
781 2633 949 2696 excedente
982 2638 1165 2712 mucronato,

8 2737 120 2798 teriora
148 2735 254 2798 subito
278 2738 405 2818 majora,
439 2731 539 2799 dense'
557 2738 728 2819 imbricata,
759 2740 817 2802 late
841 2746 941 2802 ovato·
966 2745 997 2800 et
1018 2734 1166 2820 oblongo·

8 2840 150 2920 moleto,
187 2839 410 2919 periebaetialia
433 2841 615 2922 lanceolata,
650 2850 733 2906 costa
758 2841 927 2905 excedente
950 2841 1085 2904 breviter
1107 2844 1166 2906 ari·

8 2953 49 3022 ts,
84 2945 198 3008 omnia
231 2961 364 3007 concava
396 2947 532 3026 margine
565 2947 668 3028 plana,
703 2947 817 3026 mollia,
852 2949 934 3010 sicca
963 2948 1013 3009 vix
1045 2952 1165 3026 mutate,

8 3051 73 3112 iora
99 3050 192 3112 laete
214 3047 321 3110 viridia
345 3051 467 3112 seniora
491 3051 674 3114 rulo-lusca
707 3058 790 3114 costa
815 3053 993 3134 nigricante.
1039 3050 1166 3133 capsula

8 3151 95 3216 Ιὶηαῐε
114 3160 151 3215 et
170 3151 360 3233 subpendula
383 3153 554 3235 sphaerico·
579 3159 678 3219 rarius
705 3156 1034 3241 oblongo-pyrilormis,
1058 3158 1165 3220 micro·

8 3275 67 3336 ma,
115 3257 207 3319 sicca
239 3258 294 3319 sub
327 3276 381 3322 ore
417 3260 468 3320 vix
504 3269 672 3343 coarctata,
713 3263 933 3326 brunnescens.
982 3261 1163 3342 Operculum

8 3371 115 3442 tuturn,
144 3361 323 3425 mamillare.
359 3363 566 3428 Perislonrium
593 3365 629 3427 Β.
652 3367 856 3447 pallescentis.
902 3366 1000 3448 Bryol.
1024 3383 1088 3430 eur.
1112 3365 1160 3448 lV,

8 3483 26 3528 r.
42 3465 106 3530 361
135 3474 175 3528 et
198 3465 231 3527 Τ.
256 3461 319 3529 260
341 3485 402 3530 var.
429 3471 456 3530 d.

8 3639 10 3650 .
31 3585 270 3650 subnotandum
293 3588 377 3649 caule
400 3595 505 3651 erecto
521 3605 651 3668 ramoso,
678 3589 755 3652 loliis
772 3590 916 3653 consertis
936 3593 1161 3656 ovato-lanceo-

87 3692 163 3755 latis
191 3692 331 3752 concavis
354 3691 531 3775 longissime
555 3694 741 3775 acuminatis,
764 3695 1161 3776 periebaetialibusinterio-

85 3797 183 3859 ribus
208 3794 333 3876 crinitis3
358 3796 464 3859 thecae
488 3797 636 3878 pendulae
660 3817 677 3859 e
700 3799 767 3860 basi
790 3806 940 3864 attenuata
961 3802 1163 3885 subglobosae

84 3897 244 3982 operculo
266 3915 401 3962 convexo
423 3901 595 3966 umbunato.
639 3901 719 3965 Brun.
742 3903 841 3984 Bryol.
865 3907 945 3968 univ.
969 3905 992 3985 l,
1016 3925 1043 3988 p.
1067 3903 1140 3970 673.

8 4003 50 4066 lla.
75 4012 108 4067 et
134 4003 207 4069 Sca.
231 4002 329 4084 Biyol.
353 4022 418 4066 eur.
444 4005 544 4089 Suppl.
568 4006 604 4070 ad
620 4007 736 4090 Bryon
759 4017 789 4071 ct
804 4009 857 4075 Br.
870 4013 1043 4092 pollescens
1057 4030 1119 4078 var.
1136 4017 1162 4078 d.

89 4109 126 4172 C.
153 4107 274 4172 llbcran
298 4109 424 4190 Synops.

8 4257 12 4270 .
34 4213 273 4294 pontiaesorme
296 4211 374 4276 baro.
398 4213 496 4296 Bryol.
521 4215 601 4279 univ.
624 4215 645 4296 1,
669 4235 697 4297 p.
722 4213 796 4296 687,
820 4234 875 4299 pro
900 4217 995 4280 lorma
1018 4221 1131 4302 majori.

8 4319 254 4382 ‚brennacenr
277 4318 421 4381 Scncsrcu.
445 4320 475 4381 in
498 4319 602 4382 sobed.

47 4439 156 4502 llcbs't.
184 4438 221 4501 sd
254 4445 364 4500 terram
396 4440 550 4504 dumosam
586 4449 615 4504 ct
649 4444 678 4504 in
712 4444 829 4525 rupium
869 4443 985 4506 fissuris
1024 4446 1160 4529 regionis

8 4543 97 4620 inae3
121 4543 254 4624 pulcbre
270 4543 300 4604 in
316 4559 433 4606 summo
449 4565 487 4608 m.
505 4547 625 4628 Albula,
643 4549 674 4610 in
689 4567 727 4610 m.
745 4547 859 4612 (latomi
874 4556 905 4611 et
919 4549 949 4612 in
960 4547 1160 4616 mansae
