3238 5352
564 423 725 476 introductio.

506 688 533 750 5.
551 685 579 738 2.
604 686 653 736 De
672 685 831 748 Galyptra.

154 809 342 894 Archegonii
367 808 476 874 cellula
499 810 706 892 germinativa,
731 817 764 872 ut
786 827 877 892 supra
896 809 1144 889 demonstratum,
1167 808 1268 870 tunica

90 915 210 977 cellolcsa
232 915 366 986 (corolla
389 914 486 991 Bam.)
508 914 622 979 inclusa
650 914 820 997 reperitur,
852 911 1024 976 rudimento
1051 911 1193 993 capsulae
1227 929 1268 974 ox

94 1015 132 1079 luc
149 1019 250 1082 cellula
274 1027 370 1083 enata
394 1018 597 1101 ascendente,
630 1019 729 1082 tonica
751 1017 801 1081 illa
832 1017 868 1081 ad
900 1017 987 1082 basin
1019 1015 1196 1099 archegonii
1218 1015 1267 1079 vel

97 1123 163 1203 paulo
183 1143 270 1206 supra
294 1132 474 1189 transverse
497 1124 645 1208 rumpitur
667 1139 849 1205 sursumque
869 1120 999 1202 tollitur;
1023 1121 1164 1203 capsulae
1179 1138 1267 1205 gros-

95 1226 234 1292 siimtiooc
256 1229 382 1292 tandem
412 1227 462 1292 vel
489 1236 576 1294 antea
599 1228 645 1304 (in
666 1227 887 1307 Funericccia,
918 1226 1171 1307 Encclyptccca'a)
1194 1225 1267 1290 dila·

95 1336 156 1391 tatur
174 1349 207 1393 ac
228 1333 336 1395 mitrae
361 1332 409 1396 vel
431 1331 541 1396 cuculli
564 1330 687 1395 formam
715 1332 857 1393 reserens
886 1329 1027 1413 capsulae
1055 1329 1163 1393 vertici
1192 1329 1266 1393 insi·

93 1431 151 1494 dere
169 1441 198 1497 et
217 1435 255 1498 ab
278 1455 315 1498 aa
339 1452 400 1498 non
424 1443 493 1499 ante
517 1435 666 1498 secedere
689 1435 784 1513 solet,
814 1453 902 1517 quam
924 1433 1042 1497 fructus
1066 1435 1267 1501 maturitatem

94 1533 196 1618 adeptus
228 1538 331 1600 luerit
376 1538 441 1602 lieo
467 1545 604 1620 tompore
636 1559 653 1602 a
683 1539 841 1623 bryologis
870 1539 989 1602 nomine
1018 1539 1180 1620 colyptroe
1207 1557 1266 1603 vo-

98 1648 168 1704 cator.
209 1643 334 1724 Forma,
366 1661 425 1725 qua
454 1645 694 1727 integumentum
725 1643 783 1707 hoc
812 1661 894 1706 nunc
918 1643 1030 1728 gaudm
1052 1642 1139 1706 valde
1160 1645 1266 1725 variat,

102 1747 251 1830 uadnique
273 1749 304 1811 in
329 1766 502 1812 muscarum
525 1747 723 1832 dispositione
746 1749 939 1831 systematica
962 1748 1106 1812 momenti
1127 1755 1185 1830 est,
1209 1765 1267 1832 qua

99 1846 129 1911 de
144 1869 170 1913 rc
188 1871 262 1934 prae
285 1854 419 1915 caeteris
442 1851 481 1916 de
504 1853 554 1916 illa
575 1854 704 1917 locuturi
725 1869 841 1916 samus.
1174 1901 1178 1909 .

161 1957 316 2041 Calpptrae
339 1958 434 2022 lorma
458 1955 742 2040 conicocplindrica
765 1958 832 2040 plus
856 1957 957 2019 minus
986 1957 1126 2040 elongata
1149 1957 1181 2020 in
1203 1964 1267 2022 tota

89 2057 144 2122 iare
163 2079 333 2125 muscarum
356 2069 449 2146 gente
472 2062 617 2124 solemnis
640 2068 697 2126 est.
743 2061 818 2124 Cum
840 2059 981 2143 capsulae
1004 2060 1178 2126 dilatatione
1196 2079 1267 2144 pars

87 2163 197 2228 interior
216 2183 280 2229 uno
302 2166 400 2230 latere
423 2166 584 2247 scinditur,
609 2167 741 2248 calyptra
765 2165 830 2248 ipsa
862 2165 1047 2248 obliquatur,
1079 2165 1268 2250 formamque

85 2285 161 2348 qnam
193 2272 379 2334 muctam
415 2279 524 2335 vocant
559 2279 629 2335 anta
667 2270 772 2334 oculos
808 2268 902 2334 habos
941 2271 1113 2352 (Pollione,
1148 2272 1267 2334 Dtcrc-

85 2391 160 2452 acoe,
183 2373 353 2456 dispectae,
384 2376 596 2458 Hypncccoc).
641 2375 773 2460 Hujusce
796 2374 921 2458 generis
944 2374 1075 2458 calyptra
1098 2375 1267 2438 innumeris

84 2477 285 2542 munaldus
309 2481 409 2562 quom
430 2479 660 2566 longitudinem,
683 2479 920 2563 amplitudinem,
936 2480 1161 2562 persistentiam
1176 2487 1267 2562 atque

83 2580 264 2665 umquem
286 2583 435 2648 occurrit:
468 2585 612 2648 Minutam
635 2591 667 2647 et
692 2584 934 2668 rugosissimam,
965 2591 1036 2648 ante
1066 2583 1268 2648 maturitatem

82 2683 185 2751 melus
208 2686 368 2751 deciduam
391 2705 483 2772 genn.
510 2691 733 2772 Tetrcplodon,
767 2689 901 2771 Bryam,
933 2689 1065 2770 Maiam,
1098 2706 1126 2750 a.
1151 2708 1178 2751 a.
1201 2705 1268 2752 eam

80 2787 191 2872 labent,
207 2792 417 2875 longissimam
433 2809 525 2875 saepe
541 2793 633 2876 inqua
649 2792 961 2859 rostrumsubulatum
978 2793 1154 2876 productam
1169 2811 1268 2876 usqua
1363 2799 1364 2802 ’

82 2899 107 2955 at
134 2897 272 2979 capsulae
304 2897 505 2961 maturitatem
536 2899 752 2980 persistentem
785 2916 914 2962 unacum
943 2897 1087 2978 operculo
1118 2896 1268 2960 labentem

82 2999 181 3063 natae
217 2999 341 3083 species
383 3001 463 3064 inter
507 3002 647 3084 Pettius,
686 3003 845 3082 macac,
883 3001 1086 3083 Hypnoccca3
1123 3001 1161 3088 ¹in
1199 3001 1268 3066 Cli-

81 3107 186 3186 nccic,
209 3105 439 3186 vicisima,
462 3107 603 3188 Eapyrio
627 3122 696 3189 pars
718 3103 846 3168 inierior
866 3105 1004 3168 laminam
1029 3103 1167 3169 efformet
1189 3124 1268 3189 quae

81 3207 148 3272 circa
178 3210 337 3292 capsulam
370 3219 597 3293 contorquetur.
643 3212 793 3275 Gonicom
825 3209 951 3292 basique
989 3211 1197 3294 subintegram
1236 3212 1268 3274 in

85 3311 273 3392 ΰοποωᾱήο,
295 3315 466 3393 Fontinali,
490 3315 666 3397 Oryplcec,
690 3315 861 3397 Dlplrpscio
877 3334 944 3378 eam
959 3314 1108 3396 videmus,
1131 3316 1267 3382 conicum

86 3413 261 3503 lasipluries
278 3417 382 3483 fissam
398 3419 448 3482 vel
462 3419 593 3485 lobatam
604 3419 635 3484 in
650 3420 1267 3505 genn.rtar0morto‚msmnsa,1taco-

85 3525 177 3606 n'trio,
202 3525 298 3610 longe
314 3523 492 3590 fimbriatum
508 3526 539 3588 in
555 3526 715 3590 Dcltcnic.
754 3525 879 3608 Species
901 3534 1002 3591 autem
1020 3526 1096 3589 aliae
1112 3526 1221 3589 dantur
1235 3527 1268 3588 in

82 3629 174 3710 quibus
197 3631 356 3712 calyptrae
380 3629 476 3693 lorma
498 3649 516 3693 a
537 3630 654 3714 vulgari
677 3631 796 3694 recedit
818 3638 908 3713 atque
930 3649 1040 3695 conum
1060 3631 1194 3696 inflatum
1210 3649 1268 3695 seu

79 3735 181 3799 niuem
212 3735 297 3798 sistit
329 3732 410 3796 unde
443 3735 663 3816 anitrccsom's
691 3734 811 3816 dicitur,
834 3742 868 3798 ct
896 3735 927 3797 in
962 3754 1053 3820 genn.
1084 3736 1267 3819 Epicncro,

78 3837 279 3920 maimo,
304 3841 543 3922 Ptyclomitcio,
565 3843 615 3905 vel
636 3858 746 3905 conum
770 3843 1009 3924 campanulatum
1032 3841 1120 3906 valde
1143 3841 1267 3927 clonga-

78 3951 129 4007 tum
149 3945 353 4010 ansdactorio
378 3946 526 4026 similem,
559 3946 640 4010 unde
671 3949 975 4028 exstinctoaiisomnia
1002 3954 1145 4028 vocatur,
1176 3955 1210 4010 ut
1237 3947 1267 4010 in

81 4045 243 4133 nemppe
268 4057 300 4113 ct
323 4051 560 4130 Scdlotlcimia,
595 4051 645 4113 ubi
668 4051 802 4133 calyptra
824 4050 904 4114 haud
927 4069 998 4116 raro
1020 4051 1086 4115 basi
1109 4051 1269 4137 eleganter

82 4153 162 4218 eliaca
183 4155 385 4238 conspicitur.
437 4155 623 4218 Vcaiccloris
647 4156 747 4219 evadit
776 4156 909 4238 calyptro
932 4158 1038 4240 junior
1064 4157 1099 4220 in
1128 4157 1268 4222 omnibus

84 4255 281 4341 lucrioceia,
306 4261 458 4345 angulosa
482 4259 513 4322 in
535 4276 629 4344 genn.
645 4261 787 4323 Facenio
803 4268 834 4323 et
849 4260 1063 4342 Pyramidum,
1080 4263 1268 4326 amiculari-

87 4365 220 4430 ttuslluto
242 4364 347 4430 adulta
381 4365 414 4426 in
436 4365 577 4427 Faueria
599 4371 631 4427 ct
653 4365 913 4444 Entostlodonte,
946 4365 1268 4430 locato-caaicalaris

89 4463 340 4551 'ttl'lpccomitrii
362 4469 464 4532 iructu
492 4474 619 4532 maturo.
663 4467 697 4532 ln
729 4455 939 4550 Pyramiduln
964 4477 1056 4552 atque
1086 4471 1280 4553 Colympare·

92 4569 125 4631 uli
141 4575 256 4659 integra
280 4575 359 4639 inira
385 4571 540 4655 capsulam
563 4572 678 4652 delluit,
708 4573 906 4655 pcdicellique
930 4580 1046 4656 partem
1076 4577 1267 4657 superiorem
