3238 5352
577 367 739 426 umato.
1078 365 1252 458 uru

91 543 163 606 itan
181 541 348 608 dru'nctum
362 541 526 626 ellinffantp
545 544 842 625 ptam-sceptrum
855 549 926 606 runt
937 539 988 608 illa
1003 559 1132 624 quorun
1143 556 1252 626 margo

90 648 224 732 animale
245 654 341 712 strato
362 646 536 710 celhrlarum
557 646 749 725 adamatur,
780 648 1156 727 incenante-marmania
1177 663 1251 728 quc

89 769 139 814 ran
158 769 255 835 margo
276 769 296 812 e
319 751 423 814 atratis
445 751 579 832 pluribus
602 751 797 832 componitur.
839 750 917 826 (vid
940 749 1022 814 lcon.
1045 751 1116 815 um.
1133 750 1193 819 Vl.)
1242 785 1247 797 ·

156 855 224 918 Cum
253 854 293 916 ad
317 853 458 920 loliorum
488 854 677 937 superficiem
699 855 845 937 respicias
874 873 940 918 cam
969 855 1017 916 vel
1046 853 1167 920 omnino
1188 853 1252 938 gla-

92 960 151 1022 lnn
170 959 216 1024 nel
229 958 366 1042 mulis
390 958 543 1041 pupillisve
566 958 691 1040 hyalinis
713 975 907 1040 conspersam
930 958 1078 1038 invenies,
1101 971 1265 1039 nunquam·

91 1071 261 1128 tommosam
286 1081 346 1126 nec
368 1064 502 1146 pilosam.
548 1061 655 1126 Glabra
677 1061 853 1145 superficies
876 1079 955 1126 nunc
978 1081 1081 1142 opaco
1100 1063 1120 1124 i.
1137 1081 1164 1126 e.
1186 1063 1254 1126 sice

89 1169 165 1230 nine
184 1165 442 1249 deprehenditur,
474 1183 552 1230 nunc
582 1169 681 1230 nitens
711 1183 768 1228 seu
797 1165 935 1247 glabritic
967 1166 1081 1230 nitente
1112 1165 1252 1248 irasipnis,

89 1289 149 1334 nnnc
166 1273 284 1335 παίσω
310 1288 367 1334 scu
389 1271 488 1334 nitore
510 1271 630 1334 sericeo
651 1272 824 1352 conspicua,
849 1285 927 1332 nunc
949 1269 1068 1334 tandem
1091 1272 1255 1334 corucem

89 1377 104 1438 i
122 1394 144 1438 e.
162 1377 256 1438 nitore
280 1375 446 1438 semicoro
468 1375 592 1438 micans.

151 1479 224 1543 lolia
246 1479 415 1562 maniosa
435 1479 483 1542 vel
505 1475 648 1560 papillosa
670 1477 794 1560 manum
817 1476 864 1540 vei
894 1477 1016 1560 papillas
1039 1477 1252 1559 micrcsccpica

91 1583 176 1646 nam
195 1583 336 1646 alterave
358 1583 486 1664 pagina,
519 1583 618 1646 rasim
649 1581 679 1644 in
701 1581 843 1647 ambabus
866 1582 1010 1646 exhibent
1031 1583 1150 1656 (Pollio
1179 1581 1254 1644 Wil-

93 1689 153 1762 uai,
170 1687 316 1750 Barbula
335 1687 480 1768 scopilia,
506 1687 666 1750 l'lur‘dr'um
687 1687 935 1762 lomoriacr'rruur,
958 1685 1093 1766 lerlrcc,
1116 1685 1255 1752 Amato-

92 1790 164 1852 lore
196 1810 234 1857 m.
257 1797 319 1862 a).
364 1790 396 1852 ln
417 1789 545 1854 Alriclc
567 1790 716 1854 undulata
738 1790 901 1872 paucisque
925 1790 989 1852 alis
1014 1791 1125 1854 muscis
1147 1790 1254 1874 pagina

87 1893 184 1958 ialnior
204 1893 339 1977 spinulis
361 1895 499 1975 asperula
522 1894 680 1956 inuenitur.
714 1893 792 1969 (Vid.
815 1895 925 1958 leones
947 1893 1017 1956 Tac.
1034 1894 1097 1968 Vl.)

150 1998 224 2062 Folia
247 1998 449 2080 plurimorum
472 2013 643 2060 muscarum
665 2017 759 2060 nervo
788 2015 844 2060 seu
867 2005 954 2062 cortu
984 2005 1044 2060 tcta
1068 1995 1255 2078 longitudine

84 2101 120 2160 rel
138 2121 185 2182 pro
207 2109 300 2184 parte
323 2100 523 2164 dimidiantur.
563 2100 652 2163 Costa
675 2099 751 2164 haec
767 2118 846 2164 nunc
867 2108 950 2164 teres
966 2119 1044 2164 nanc
1060 2099 1256 2182 complanata,

81 2220 144 2266 ncnc
172 2207 353 2284 semiteres,
398 2223 479 2269 nunc
510 2202 672 2282 latissima,
706 2203 801 2268 mollis
833 2205 901 2268 laxe
940 2203 988 2268 uel
1026 2204 1122 2268 solida
1158 2206 1254 2268 deuse

84 2313 307 2392 erumperet,
330 2308 446 2387 viridis,
470 2308 595 2389 pallens,
619 2307 784 2384 lateranas,
808 2308 998 2394 lascescens,
1022 2307 1130 2388 ralula,
1146 2325 1254 2389 purpu-

81 2429 197 2494 rascentes,
220 2413 366 2495 simplex,
388 2411 489 2492 bifida,
511 2413 650 2494 gemella,
674 2430 741 2474 curn
758 2411 819 2474 lolii
842 2412 926 2494 apice
949 2413 997 2475 vel
1019 2411 1095 2476 inlra
1118 2410 1255 2490 evanida,

81 2517 239 2596 saepissime
263 2515 425 2580 excedens
440 2517 533 2598 inque
548 2535 733 2593 mucronem,
757 2518 925 2598 suspiocari,
946 2518 1077 2582 maroa
1098 2516 1146 2578 rel
1157 2516 1256 2597 plant

80 2620 214 2700 producta,
237 2621 327 2684 unde
350 2620 420 2682 lolia
442 2627 631 2700 mucronata,
655 2620 828 2702 cuspidem,
850 2619 990 2700 arietata,
1013 2620 1129 2701 pililern
1151 2618 1255 2682 dicua-

80 2729 124 2784 tar.
163 2723 375 2788 lnnonaullis
399 2731 481 2788 costa
503 2741 592 2805 snpra
620 2723 772 2790 lamellosa
807 2724 851 2796 lin
883 2725 1159 2806 Polplra'clocera),
1193 2723 1256 2786 sira

79 2825 123 2888 ilis
142 2829 308 2892 articulatis
332 2827 377 2890 lin
400 2829 504 2892 Pollio
525 2829 696 2905 moserata)
730 2828 825 2891 obsita
857 2835 923 2907 cst,
956 2828 987 2890 in
1015 2824 1089 2890 aliis.
1113 2827 1257 2890 inlatione

80 2929 154 2994 aare
173 2933 292 2996 sulcata
318 2931 365 3008 (in
389 2932 642 3025 Dieromtque
661 2931 941 3014 Conrpplopcdilrrra
957 2931 1121 3003 nonnullis)
1142 2931 1257 3012 apicem

80 3051 168 3100 versus
188 3037 352 3119 spinulosa
375 3033 571 3098 denticulisve
601 3053 709 3119 aspera
738 3035 920 3116 conspicitur
942 3036 995 3110 <jn
1017 3035 1258 3116 Polplricltucet'r

80 3155 101 3196 c.
119 3146 162 3219 a).
207 3139 348 3204 cellulae
379 3138 537 3222 elongatae
561 3157 578 3202 e
601 3139 711 3222 quibus
732 3139 906 3204 cumanam
933 3145 984 3200 aut
1015 3156 1120 3203 ornnes
1143 3138 1257 3202 similes

83 3243 260 3327 ejusdemque
290 3241 503 3324 magnitudinis
526 3251 614 3323 sunt,
648 3251 698 3307 aut
719 3241 892 3325 dimorplrac
914 3251 1051 3306 centrum
1073 3259 1180 3306 uersus
1203 3227 1256 3304 mi·

85 3361 152 3410 tues
173 3349 222 3410 uel
246 3349 384 3429 majores
407 3365 494 3429 quarn
517 3347 553 3410 ad
576 3346 784 3428 peripheriam.
831 3346 911 3424 (vid.
934 3348 1044 3410 leones
1066 3347 1135 3408 Tab.
1155 3345 1215 3418 Vl.)

150 3453 234 3526 cuod
259 3451 397 3532 denique
419 3451 455 3513 ad
480 3452 617 3515 loliorum
639 3458 809 3514 contextum
843 3458 976 3532 spectat,
1009 3449 1258 3532 simplicissimum

85 3568 134 3614 run
154 3556 342 3635 invenimus,
366 3572 468 3633 unani,
493 3555 647 3616 rarissime
670 3553 780 3637 duplex
796 3554 844 3616 vcl
866 3555 976 3636 triplex
990 3553 1163 3616 cellularum
1183 3559 1258 3614 stra·

84 3661 130 3718 tan
149 3662 399 3722 constituentem.
445 3657 577 3720 Cellulne
600 3660 683 3739 ipsae
707 3659 735 3720 in
760 3658 888 3722 diversis
919 3659 1078 3740 speciebus
1113 3657 1259 3739 magnitu-

82 3757 136 3821 dine
156 3771 185 3826 ct
208 3765 310 3828 lorma
333 3779 421 3844 marn
445 3764 571 3825 maxime
605 3763 721 3824 uariant
751 3769 876 3844 reteque
901 3764 1012 3826 sistunt
1035 3763 1100 3844 plus
1125 3761 1259 3823 minusve

83 3859 171 3946 mon,
193 3868 262 3950 plus
288 3869 429 3929 minusve
444 3867 671 3930 condensatum.
701 3866 1003 3946 Parmelpmoloaoe
1017 3873 1098 3942 sunt,
1123 3865 1141 3926 i.
1160 3884 1187 3926 e.
1206 3883 1258 3928 ex·

83 3969 263 4036 inanitatibus
289 3970 457 4052 deplanatis
481 3971 537 4034 sibi
560 3971 727 4051 impositae,
759 3971 939 4052 accolasque
970 3969 1204 4052 pauculorum,
1228 3967 1259 4030 in
1328 3977 1330 3982 '

87 4069 335 4140 urucnsclalets
357 4081 447 4154 atque
471 4074 702 4154 prcdorrtr'lrua
724 4074 761 4135 ad
783 4073 879 4136 lolior.
898 4075 1024 4156 apicem,
1048 4074 1207 4154 quadratas
1229 4079 1260 4134 et

84 4171 236 4260 hexagonus
255 4179 287 4242 in
304 4179 473 4243 Pottr‘oceia
488 4177 662 4258 edormant3
681 4179 1003 4259 prorenclryntctcsoe‚
1029 4179 1047 4239 i.
1065 4195 1092 4242 e.
1116 4177 1259 4240 extremi-

85 4279 172 4344 uuna
193 4285 296 4347 acatis
329 4283 388 4345 sibi
421 4282 631 4345 accumbentes
662 4289 751 4362 atquc
774 4282 892 4344 areolas
924 4281 1083 4344 rhombeas
1106 4288 1138 4344 et
1160 4280 1258 4344 rhom-

86 4380 188 4448 ioiders
210 4387 365 4471 lingentes
397 4386 426 4448 in
449 4387 631 4462 llcdrorar‘is,
654 4386 923 4467 aspectansque,
946 4383 1257 4468 hexagono-lineales,

89 4482 210 4554 innius
226 4492 419 4578 llppnccein
441 4489 571 4556 laceres
594 4497 626 4554 et
641 4489 853 4556 vermiculatas
876 4491 895 4553 i.
911 4509 939 4554 e.
962 4488 1257 4567 flexuoso-lineares,
