3106 5370
493 393 631 462 Brgueene.
1096 395 1157 458 831

17 567 82 651 inp.
94 571 239 652 polyretu
285 569 384 634 Planta
420 569 559 633 humilior
596 569 721 634 densius
763 582 929 656 congesta,
974 575 1079 657 plures
1117 593 1157 640 ex

98 674 202 738 eodem
224 674 408 756 perichaetio
432 675 546 738 fructus
568 674 739 757 profereus,
763 677 842 742 loliis
861 679 1062 760 brevioribus,
1088 679 1156 743 laxe

98 779 278 859 imbricatis,
316 779 436 862 capsula
467 779 497 840 in
534 779 682 862 pedicellc
719 781 862 846 breviore
901 785 996 868 magis
1034 793 1157 852 arcuato

97 881 243 964 demissa,
274 885 387 962 minor,
411 885 546 961 brevior,
569 883 645 948 ruia.
689 887 788 970 Bryol.
812 905 877 955 eur.
899 890 948 968 Ν,
972 890 1043 956 lab.
1062 887 1136 955 stt.

17 988 163 1068 ‚pclpreto
186 987 281 1053 lloms
305 997 336 1052 et
358 989 500 1052 lloasscu.
524 987 543 1050 Ι.
562 1005 587 1050 c.

17 1093 241 1174 ‚condocerpu
264 1099 295 1156 et
315 1093 466 1174 pslcltelto
488 1091 522 1156 Η.
547 1099 578 1154 et
598 1091 633 1154 ll.
656 1093 674 1157 l
698 1112 725 1156 c.
770 1092 850 1158 Bam.
877 1093 977 1176 Bryol.
1001 1097 1080 1160 unia.

17 1199 80 1259 md.
96 1199 212 1262 tenello.
249 1197 350 1261 Cauiis
373 1197 527 1280 pertenuis
551 1213 568 1258 e
591 1196 655 1262 basi
677 1195 995 1279 fasciculam-divisus,
1020 1219 1059 1263 ex
1073 1201 1159 1281 apice

95 1303 283 1383 ramulosus,
316 1301 438 1384 capsula
466 1301 591 1379 minuta,
621 1300 651 1362 iu
682 1300 831 1382 pedicello
860 1303 1002 1367 breviore
1036 1312 1159 1368 arcuato

94 1405 238 1468 demissa.
284 1405 383 1490 Bryol.
410 1423 474 1470 eur.
497 1405 545 1485 Ν,
569 1405 639 1470 lab.
656 1401 729 1469 344.

17 1511 133 1573 ¹tenello
154 1510 191 1574 ll.
217 1517 249 1572 et
271 1510 305 1573 ll.
328 1511 347 1574 l.
371 1531 397 1574 c.
441 1511 521 1574 Bum.
544 1510 563 1573 l.
587 1528 613 1572 c.

17 1630 41 1674 u.
55 1635 75 1677 e.
90 1623 236 1678 orcuoiu.
271 1614 382 1677 'Caulis
406 1614 543 1696 simplex,
568 1611 707 1696 gracilis,
731 1611 810 1678 loliis
833 1615 976 1680 brevibus
999 1615 1160 1680 subimbri·

92 1719 185 1798 cetis‚
217 1719 340 1801 capsula
364 1720 394 1782 iu
417 1717 565 1801 pedicello
586 1715 674 1782 ualde
696 1724 819 1782 uouuto
841 1719 989 1803 demissa,
1013 1721 1160 1805 operculo

92 1824 370 1890 consuo-conica.
414 1823 513 1906 Brpol·
536 1841 602 1886 eur.
624 1823 643 1886 l.
666 1840 692 1886 c

31 1936 153 1992 messio
176 1929 214 1993 H.
240 1937 271 1992 et
292 1929 328 1992 Η.
351 1930 370 1992 l.
393 1948 420 1992 c.
463 1931 542 1994 Baro.
566 1927 665 2011 smol.
688 1928 768 1992 unir.

30 2041 126 2112 repeto
148 2041 182 2098 et
202 2043 317 2115 poteras
339 2035 395 2112 (ex
416 2039 514 2115 perte)
537 2033 557 2098 l.
580 2051 607 2095 c.

52 2152 150 2218 liubit.
175 2154 254 2218 loeis
277 2152 459 2232 declivibus,
488 2152 526 2215 ad
549 2153 724 2216 semitarum
747 2156 901 2238 margines
924 2157 1062 2240 regionis
1084 2155 1156 2220 sub·

17 2255 78 2318 inae
100 2258 243 2340 Alpium,
275 2258 516 2341 Pyrenaeomm3
549 2275 626 2321 rarr.
658 2259 688 2320 in
719 2259 839 2338 pascuis
870 2258 976 2341 alpinis
1008 2261 1161 2342 usquein

17 2361 118 2444 pionem
134 2362 374 2444 supraalpinam,
392 2381 458 2428 cum
474 2380 551 2426 rarr.
565 2361 607 2424 W.
620 2362 852 2445 polymorplue,
868 2365 1056 2445 copiosiores
1073 2382 1161 2446 quam

17 2481 60 2526 ma
81 2467 231 2532 normalis
262 2485 340 2548 quae
373 2467 403 2528 in
436 2465 605 2530 Britanniae
638 2474 728 2547 atque
762 2467 977 2534 scandinaviae
1012 2469 1162 2534 montibus

17 2577 63 2631 est

50 2676 150 2740 Ferret.
175 2681 293 2740 matur.
315 2674 471 2760 Augusto,
503 2674 682 2756 Septembri.

223 2866 255 2918 Η.
292 2865 501 2918 Austerauia
518 2865 709 2936 lypoppsa,
727 2867 907 2922 emitteris.

352 2989 381 3054 2
410 2987 541 3056 weltere
560 2987 766 3070 polymorpho

281 3124 371 3180 Publia
383 3100 483 3196 polyer.
502 3129 585 3182 liores
603 3139 629 3182 et
646 3128 770 3182 lloarrscs.
789 3128 806 3180 l.
826 3145 847 3180 e.

46 3247 125 3310 Laxe
157 3255 191 3311 et
227 3249 436 3331 irregulariter
468 3249 678 3331 caespitulosa.
724 3247 843 3316 Cauiisr
871 3250 982 3332 imples
1003 3249 1052 3312 vel
1075 3249 1161 3312 inno-

18 3349 57 3414 rdo
80 3371 174 3435 parce
199 3369 354 3415 ramosus.
398 3353 480 3419 Folia
495 3353 618 3418 cornelia
635 3355 766 3436 patentia
783 3373 822 3418 ex
837 3355 967 3438 oblongo
984 3351 1162 3430 lanceolata,

18 3457 202 3535 cesenate,
229 3455 307 3522 inira
330 3459 465 3542 margine
481 3459 605 3538 reuera,
621 3450 713 3524 ¹costa
728 3460 817 3540 poulo
838 3461 894 3521 sub
917 3459 1002 3541 apice
1025 3456 1161 3520 evanida.

18 3561 89 3638 peula
113 3581 130 3624 e
155 3561 242 3626 collo
265 3563 405 3625 breviore
428 3569 558 3646 anguste
581 3563 723 3647 oblonga,
746 3563 939 3627 horizonlalis
962 3569 993 3624 et
1009 3561 1161 3640 inclinata,

18 3666 103 3728 uculo
124 3667 240 3730 eonico
264 3667 376 3728 mulino
398 3667 447 3730 vel
470 3667 636 3746 mamillari,
660 3667 836 3750 peristomio
859 3668 978 3731 interno
999 3665 1077 3730 ciliis
1099 3683 1161 3730 om-

18 3767 214 3834 odestitulo.
262 3767 363 3852 Bryol.
388 3789 451 3834 eur.
475 3771 523 3851 Ν,
546 3771 616 3834 Tab.
634 3768 708 3834 344.

18 3889 70 3954 llic
87 3892 308 3975 polymorpho
331 3892 416 3956 caule
440 3893 615 3958 iasciculato
639 3894 760 3976 saepius
788 3893 965 3971 innovante,
996 3892 1162 3954 innovatio-

89 3998 179 4059 nibus
205 3996 373 4080 elongatis,
396 4014 480 4060 coma
507 3997 596 4062 fertili
616 3995 938 4080 fastigiato-obconica,
963 3996 1042 4060 loliis
1059 4011 1162 4060 comae
1196 4017 1201 4027 ¹

89 4101 434 4185 oblongo-lanceolatis
457 4103 543 4184 apice
566 4102 773 4180 denticulatis,
807 4101 928 4182 capsula
958 4107 1081 4163 nutante
1109 4101 1162 4162 ob-

90 4207 202 4289 longa,
242 4205 387 4285 operculo
415 4207 686 4270 convexo-conica
713 4203 862 4287 papillato.
907 4203 942 4266 Η.
965 4210 997 4267 et
1018 4203 1161 4266 lloasscu.
1197 4241 1202 4248 -

89 4311 153 4378 soc.
179 4309 259 4374 zeie
289 4305 386 4386 1819,
409 4327 437 4391 p.
464 4306 535 4372 100.

19 4409 86 4478 llum.
108 4414 212 4498 liqui.
238 4413 320 4476 univ.
364 4411 449 4476 Boou.
473 4419 505 4476 et
527 4413 624 4478 Soura
647 4411 696 4474 Br.
720 4429 785 4474 eur.
829 4411 965 4476 usuram
987 4409 1097 4475 Skand.
1120 4411 1161 4474 Η.

90 4520 214 4606 Wuson
240 4515 434 4596 erysimo.
