3080 5370
355 301 420 369 m
852 307 1045 362 Grimmiaeoae.

443 485 545 549 liubit.
568 485 599 546 in
622 484 746 566 rupibus
769 481 927 546 schistosis
953 481 1245 565 semidecompnsitis
1269 485 1405 566 regionis
1419 483 1524 563 alpinae:

354 591 385 652 in
408 606 525 651 summo
543 589 700 651 Gabalein
717 588 896 670 Pinzgoviae
921 589 971 651 ubi
994 587 1065 650 clar.
1082 588 1194 652 Storna
1216 605 1296 650 anno
1323 585 1405 651 teau
1427 587 1519 648 denar.

355 694 420 774 ipse
448 691 530 756 1840
552 690 583 753 in
607 709 724 754 summo
748 693 806 754 Col
828 693 860 754 di
882 692 999 755 Steloio
1021 709 1130 755 versus
1152 693 1292 756 Umbroa‘l
1312 693 1389 774 legi,
1410 693 1476 754 clar.
1493 691 1528 752 in

353 797 472 859 Annona
496 814 590 879 prope
615 797 682 858 dem
698 795 1006 859 ortamota-Feruor
1033 815 1142 860 versus
1157 797 1265 859 vallem
1281 797 1425 860 Sebmolr
1446 797 1529 856 lactan

354 901 444 979 misit,
468 900 503 962 cl.
527 900 559 965 R.
577 901 685 963 Sraocs
708 901 817 963 aPort
832 901 870 963 dc
884 899 1048 983 Bonosque
1064 901 1287 981 Pyrenaeorum
1305 891 1536 976 conrmuoimtittf

355 1023 372 1066 a
396 1002 509 1067 Funlrio
532 1005 589 1065 sub
612 1004 733 1066 nomine
758 1003 810 1066 Gr.
834 1005 992 1068 audeticoe
1013 1004 1120 1068 babeo.
1534 987 1536 1006 ¹

441 1109 543 1171 Fruet.
567 1115 678 1170 motor.
701 1114 828 1170 aestate.
886 1109 890 1118 '

425 1229 448 1280 Α
461 1231 510 1282 Gr.
522 1229 640 1296 atpeatrt
657 1229 823 1300 distinguitur
843 1228 911 1282 loliis
930 1228 1091 1280 brevioribus
1110 1227 1270 1281 mollioribus
1283 1237 1400 1300 utraque
1413 1229 1452 1280 ala
1464 1229 1535 1280 ἡ

355 1334 405 1386 que
429 1317 519 1385 pagiua
552 1317 677 1384 profunde
700 1315 893 1382 canaliculatio,
923 1315 986 1368 solia
1010 1318 1136 1385 supremis
1159 1315 1212 1383 pilo
1237 1314 1399 1368 brevissimo
1422 1319 1533 1369 tuamne

353 1404 512 1473 pericbaetio
536 1403 655 1456 breviore
678 1403 794 1472 calyptra
819 1403 930 1468 minore,
956 1401 1061 1469 capsula
1086 1404 1248 1470 angustiore,
1276 1403 1426 1471 peristonii
1444 1403 1534 1456 denti·

354 1493 469 1560 integris.
505 1487 666 1558 Caeapituloa
684 1508 786 1576 semper
804 1500 871 1544 terra
890 1491 997 1544 humosa
1015 1491 1056 1543 vel
1076 1492 1189 1543 rnieaeea
1208 1491 1315 1544 obrutos
1337 1495 1438 1546 invem

774 1666 822 1732 es.
866 1664 1008 1732 (trinnio
1027 1663 1135 1732 tollis.

783 1787 828 1840 Bn.
848 1798 873 1840 et
892 1788 947 1840 sca
966 1787 1053 1855 Bryol.
1073 1805 1127 1840 eur.

442 1895 604 1977 Caespituli
635 1895 757 1972 molles,
787 1893 930 1978 fragiles,
960 1900 1094 1957 saturate
1125 1893 1249 1956 virides.
1295 1891 1385 1954 Folia
1418 1893 1532 1999 inierq

354 2001 485 2082 patentia
502 2019 519 2060 e
536 1999 635 2062 medio
648 2016 768 2060 sursum
780 2005 912 2078 curvata,
929 1997 1107 2077 lanceolata,
1124 1997 1283 2078 superiora
1301 1999 1428 2058 sensim
1441 1999 1532 2105 majq

354 2105 516 2166 suberecta
539 2101 880 2183 elongato-lanceolata,
904 2108 1031 2182 utraque
1047 2102 1166 2179 mutica,
1192 2119 1310 2163 summa
1328 2101 1385 2164 vel
1410 2101 1533 2205 pericq

354 2207 432 2270 tialia
450 2207 516 2270 laxe
533 2207 698 2285 imbricata,
724 2206 846 2287 majora,
871 2204 987 2285 latiora,
1012 2206 1042 2266 in
1058 2222 1184 2267 acumen
1200 2204 1360 2285 hyalinum
1380 2201 1533 2285 desinent}

353 2312 451 2375 omnia
477 2311 594 2387 mollia,
619 2310 813 2372 succulenter
837 2310 960 2388 viridia,
982 2327 1093 2392 opaca,
1124 2307 1219 2370 laxius
1242 2309 1407 2391 areolata,
1432 2323 1533 2392 super!

354 2414 439 2480 valde
463 2414 719 2496 chloropbytlosa,
739 2409 810 2476 'tota
833 2414 1020 2498 longitudine
1044 2431 1176 2476 concava
1199 2411 1277 2476 baud
1301 2414 1452 2492 sulcata,
1479 2412 1533 2501 nati

353 2521 442 2582 tereti
465 2528 571 2583 contra
595 2537 682 2584 usum
698 2519 809 2602 gentis.
841 2518 980 2600 Calyptra
1004 2517 1206 2600 fugacissimo
1239 2517 1378 2600 Capsula
1397 2533 1534 2600 emerge·

354 2624 402 2686 vel
426 2632 558 2704 exserta,
583 2624 722 2706 elliptica,
747 2643 763 2686 e
786 2624 868 2686 luteo
893 2623 978 2686 lusca
994 2629 1094 2686 aetate
1109 2622 1258 2702 brunnen,
1281 2623 1444 2704 opercrrlo
1460 2643 1476 2684 e
1490 2636 1533 2681 roa

353 2747 430 2792 vexa
458 2728 524 2808 basi
545 2729 709 2810 spiculato,
738 2728 848 2791 annulo
876 2747 894 2789 e
926 2728 1043 2812 singula
1066 2727 1147 2789 serie
1170 2725 1352 2788 cellularum
1390 2729 1535 2792 ellormou

352 2833 520 2895 Peristomii
543 2833 652 2896 dentes
683 2833 858 2915 longiores,
888 2829 1195 2908 lineali-lanceoluti,
1224 2831 1253 2892 in
1285 2829 1375 2894 linea
1410 2821 1535 2894 divisum

352 2936 497 3000 lacunosi.
542 2936 589 3002 Br.
613 2955 678 3002 eur.
701 2935 748 3016 ΠΙ,
772 2936 843 3000 Tab.
860 2933 933 2998 253.
1534 2917 1535 2970 ¹

353 3059 405 3124 or.
428 3059 686 3122 orornamenta
708 3059 844 3122 umam
869 3057 979 3124 suano.
1003 3057 1045 3121 m.
1534 3007 1535 3074 t

358 3163 427 3226 Ver.
451 3165 608 3246 aquatico.
654 3163 756 3224 Planta
778 3163 889 3245 major,
919 3160 1058 3240 flaccida,
1091 3160 1168 3223 loliis
1192 3161 1383 3244 latioribus,
1410 3162 1534 3246 prolond

483 3269 637 3346 concavis,
661 3267 799 3330 omnibus
823 3265 952 3330 muticis.

440 3390 540 3454 llobit.
563 3390 594 3452 in
616 3389 740 3470 rupibus
764 3394 795 3450 et
818 3388 899 3450 saxis
932 3385 1161 3450 humidiusoulis
1189 3387 1328 3467 regionis
1358 3389 1501 3472 alpinae:
1531 3391 1532 3394 ’

353 3493 430 3574 Alpe
454 3495 641 3578 Genetosjctt
661 3492 879 3557 Tellemarlriae
902 3491 1033 3576 Norveg.
1057 3491 1103 3554 ils.
1128 3491 1279 3554 llouonan
1305 3491 1394 3576 legit
1426 3505 1458 3557 et
1481 3511 1533 3556 toa

352 3599 529 3677 manicavit,
558 3599 588 3659 iu
611 3598 677 3680 Alo.
702 3597 871 3679 bopponiae
902 3597 1056 3659 tornensis
1087 3595 1270 3674 (Farsrsnrl,
1300 3595 1407 3681 Lapp.
1439 3595 1533 3660 Menai

349 3701 538 3782 (Lmoauum),
562 3704 592 3765 io
615 3701 747 3783 Norveg.
763 3700 840 3782 Alpe
855 3701 962 3764 Doara
983 3699 1030 3778 (C.
1048 3699 1215 3780 Eanum„
1239 3717 1301 3762 tur.
1325 3705 1365 3778 β.
1386 3705 1421 3768 in
1447 3705 1533 3784 raptat

350 3815 380 3870 et
409 3825 551 3870 saxorum
574 3806 821 3871 execrationibus
843 3823 919 3888 aqua
947 3806 1076 3886 impletis
1108 3811 1141 3867 et
1170 3821 1262 3868 secus
1293 3807 1426 3872 rivulos
1450 3827 1469 3870 e
1497 3781 1533 3994 ej

347 3912 584 3978 decurrentibus
607 3911 715 3974 summi
738 3911 797 3974 Col
818 3909 851 3972 di
872 3909 987 3972 Sicinio
1010 3927 1119 3972 versus
1144 3907 1265 3974 orata
1287 3911 1339 3976 alt
1369 3913 1474 3980 8000
1503 3919 1510 3976 t

349 4025 465 4082 aeatme
495 4013 588 4098 1840,
612 4023 643 4080 et
664 4017 695 4078 in
719 4032 854 4078 summae
878 4013 964 4096 Alpis
987 4013 1102 4078 Albula
1123 4013 1267 4078 Rboetiae
1291 4025 1389 4098 pane
1415 4029 1532 4104 gnorut

349 4131 425 4188 aest
454 4121 534 4185 1845
558 4127 590 4183 et
614 4119 716 4200 1855,
748 4137 807 4182 neo
830 4136 890 4182 non
913 4115 949 4182 in'
966 4121 1077 4183 Sicano
1098 4120 1230 4184 Neoodo
1252 4119 1386 4202 Hispan„
1412 4127 1453 4190 ad
1465 4129 1532 4396 Z]

1480 4249 1528 4292 rur

349 4225 438 4291 nivel.
461 4227 491 4290 in
516 4225 602 4289 ianoe
625 4227 750 4307 abrupta
772 4223 939 4305 borregaa'l
961 4225 999 4286 de
1018 4244 1044 4288 a.
1071 4225 1235 4288 Geronimo
1258 4225 1307 4290 alt
1330 4225 1456 4310 85ffl',

349 4333 455 4398 Doare
476 4330 515 4394 ad
536 4330 652 4413 lapides
675 4329 798 4392 rivulm.
823 4327 891 4410 Alp.
915 4327 1047 4392 Storlde
1067 4329 1252 4411 caespitibus
1285 4335 1419 4416 negata
1442 4335 1463 4398 d

347 4455 406 4522 que
429 4435 477 4513 (C.
500 4435 666 4514 flauum),
691 4434 821 4500 tanobo
844 4431 919 4496 baec
941 4439 1054 4538 tantum
1078 4433 1191 4496 sterilis
1214 4441 1286 4496 nota
1312 4445 1376 4500 ost.
