3238 5352
386 361 450 415 Lliil
902 361 1067 412 introductio.

385 534 543 620 paludibus
569 534 712 597 turiacois
730 545 931 618 occupantem
957 537 1075 618 plantae
1091 537 1209 618 alpinae
1225 540 1393 618 promiscue
1407 551 1470 598 cors
1485 547 1553 592 non-

384 641 462 706 tanis
485 639 589 704 floram
613 645 646 702 ut
668 639 707 704 ita
732 640 828 704 dicam
851 641 1056 704 transitoriam
1080 639 1248 704 eliormant.

469 743 595 806 Limites
619 743 746 828 bujuscc
769 745 906 828 regionis
930 745 1109 826 superiores
1131 745 1163 807 in
1186 745 1307 827 Alpium
1336 750 1429 807 tractu
1451 739 1495 802 uix
1514 757 1554 798 er-

384 857 451 916 acte
476 847 698 912 determinandi
720 857 806 930 sunt,
836 849 904 932 quia
929 850 1048 931 plantae
1079 851 1215 934 regionis
1239 849 1405 932 superioris
1426 862 1496 928 aqna
1515 841 1555 904 de·

250 1033 253 1044 ,
385 953 511 1033 fluente,
534 951 684 1034 lapidibus
708 962 740 1017 et
761 955 854 1017 terris
877 952 1087 1016 delabentibus
1103 954 1142 1016 ad
1158 953 1303 1018 inferiora
1325 953 1390 1016 loca
1411 947 1557 1012 trebuetur.

384 1059 416 1122 ln
435 1059 519 1142 jugis
542 1065 647 1122 contra
670 1055 707 1121 ab
730 1057 857 1140 Alpibus
882 1055 1077 1138 distantibus,
1101 1067 1134 1122 ut
1156 1059 1186 1121 in
1202 1061 1326 1142 vogaso
1341 1051 1556 1136 cesum-nigra

384 1163 611 1245 superioribus,
643 1163 673 1225 in
698 1161 819 1228 Sudetis
844 1169 875 1224 et
897 1161 1051 1244 Carpatis,
1084 1165 1172 1248 regio
1194 1162 1349 1246 subalpina
1372 1153 1558 1238 relaberis

385 1268 463 1332 facie
486 1265 648 1350 vegetabili
671 1267 792 1348 propria
815 1266 939 1350 gaudet,
966 1268 1100 1348 quamvis
1116 1276 1288 1352 perpaucae
1309 1267 1360 1330 val
1381 1261 1477 1329 nullae
1491 1261 1517 1320 in
1533 1275 1559 1316 aa

255 1355 273 1380 ‘
383 1373 574 1455 reperiantur
597 1369 733 1452 species,
765 1389 843 1454 quaa
867 1378 918 1434 aut
939 1371 970 1433 in
993 1381 1133 1437 montana
1157 1375 1260 1438 autin
1283 1372 1383 1455 alpina
1404 1365 1560 1434 desideren-

383 1485 443 1556 tur,
468 1495 556 1558 quam
580 1475 685 1538 obrem
708 1475 804 1540 iacies
827 1477 902 1540 haec
924 1475 1087 1560 peculiaris
1110 1475 1183 1540 nibil
1206 1476 1286 1540 aliud
1302 1483 1361 1555 est,
1385 1487 1470 1557 quam
1485 1467 1561 1530 iacies

384 1583 527 1667 hybrida,
556 1601 573 1642 e
597 1579 673 1644 iacie
697 1579 861 1663 vegetabili
884 1588 1023 1643 montana
1046 1587 1136 1662 atque
1159 1579 1257 1663 alpina
1279 1579 1452 1663 composita

474 1686 600 1769 Species
625 1691 793 1766 sequentes
816 1684 1032 1748 habitationem
1055 1685 1239 1766 subalpinam
1271 1683 1418 1750 montium
1440 1683 1476 1745 ab
1497 1675 1562 1758 Alpi·

385 1793 442 1856 bus
468 1788 640 1854 distantium
664 1790 889 1871 praecaeteris
913 1787 1075 1871 deliguntz.

429 1894 557 1960 Brucbia
579 1893 752 1978 vogesiaoa.
1010 1894 1224 1958 liacomitrium
1249 1896 1477 1978 microoarpum.

429 1997 649 2082 Cynodontium
673 1997 875 2079 polycarpum.
1012 1999 1145 2062 Webera
1166 2000 1279 2063 nutans
1300 2017 1361 2066 var.
1387 1997 1508 2074 bloolor,

430 2101 601 2168 Dicranella
625 2110 758 2182 curvata,
1140 2102 1297 2188 Ludwigr'i.

559 2206 752 2284 ceruiculata,
1013 2208 1111 2272 Zieria
1129 2209 1260 2293 julacsa

560 2327 733 2394 squarrosa.
1011 2314 1121 2395 Rryum
1143 2314 1285 2396 capillare
1308 2332 1369 2378 var.
1396 2305 1544 2380 Fercbelii,

430 2417 591 2480 Dicranum
616 2413 736 2494 Statili,
1140 2417 1269 2495 Duvalii,

562 2519 761 2603 longilolium,
1140 2521 1264 2604 pallens.

562 2624 691 2703 Saoteri,
1013 2625 1124 2690 binium
1148 2627 1316 2709 spinosum,

562 2725 794 2806 llublenbeolrii,
1139 2731 1425 2813 orthomuynclum.

561 2830 731 2896 Schraderi.
1012 2833 1176 2898 bertranis
1199 2835 1374 2918 itbyplrptla,

430 2935 545 3001 Blindia
569 2943 666 2999 acuta.
1141 2941 1328 3021 pomilormis
1350 2959 1415 3006 var.
1439 2941 1545 3020 crispa,

432 3041 619 3124 Anacalypta
642 3038 773 3104 latifolia.
1142 3045 1319 3110 llallariana.

431 3145 557 3210 barbula
582 3152 728 3224 tortuosa,
1012 3148 1175 3213 Philonotis
1198 3149 1328 3213 lontana.

562 3249 717 3334 aciphylla.
1011 3252 1230 3336 Oligotriobum
1254 3255 1461 3336 hercynicunr.

429 3353 590 3437 Encalypta
612 3351 829 3434 rhabdocarpa,
1010 3359 1195 3440 Pogonatum
1218 3359 1357 3440 alpinum.

561 3457 732 3542 longicolla.
827 3493 834 3514 ·
1011 3461 1153 3526 Andraea
1176 3464 1336 3545 rupestris,

430 3562 621 3646 Ampbidium
643 3561 843 3643 lapponioum,
1143 3565 1259 3630 laicata.

562 3667 735 3748 blougeotii.
1011 3668 1184 3751 llicbelyma
1209 3669 1357 3734 falcatum.

433 3771 575 3836 Grimmia
599 3777 747 3852 torquata,
1012 3773 1236 3838 Pseudoleskea
1260 3775 1459 3840 atro-virens.

563 3881 662 3956 crau,
1010 3877 1238 3942 Ortbotbeclunr
1261 3879 1445 3956 intricatum,

560 3977 727 4058 Donniana,
1140 3981 1312 4046 rulescans.

560 4083 699 4148 uncinata
722 4089 899 4160 (contorta).
1012 4085 1454 4170 Renfflnandrumliliiome.

433 4185 645 4253 Racomitrium
669 4195 785 4271 patens,
1010 4189 1244 4274 Plagiotbecium
1268 4187 1438 4276 nluiuum,

560 4291 739 4370 auleticon,
1141 4295 1367 4376 denticnlstnm,

560 4405 747 4479 protensum,
1143 4395 1373 4464 llbblanbeclii.

560 4499 748 4582 iascicclare,
1011 4499 1257 4588 Bracbytbecium
1282 4505 1402 4586 Sunii,
