3122 5362
919 343 1090 397 Pharnaceon.

892 609 1042 693 (troo
1071 612 1114 693 1.

683 761 864 848 Musei
923 759 1321 878 deisuumrpi

495 916 623 1000 Capsula
638 923 716 998 ‚post
738 916 935 978 maturitatem
961 915 999 977 de
1022 915 1169 998 pedieello
1192 918 1240 980 vet
1269 936 1398 980 unacum
1422 935 1458 979 eo
1479 918 1527 979 inte

309 1028 312 1033 ’
405 1020 543 1102 decidua,
568 1021 690 1085 tandem
714 1019 750 1082 ad
774 1038 880 1102 sporus
903 1020 1080 1084 emittendas
1104 1022 1310 1106 irregulariter
1333 1022 1475 1104 disrupta

914 1209 1037 1293 tritus
1063 1208 1090 1294 t

800 1365 1199 1445 PHASGAGEAE.

492 1508 629 1590 Calyptra
645 1506 790 1587 perlecta,
815 1509 930 1588 conica,
954 1508 1169 1591 campanulsts,
1192 1509 1347 1572 cucullata.
1383 1510 1503 1591 capsula
1518 1526 1553 1569 sn

407 1612 525 1674 sessilis
563 1610 611 1672 vel
644 1611 674 1672 in
706 1610 855 1692 pedicello
894 1613 960 1694 ptus
999 1613 1134 1674 minusve
1173 1613 1313 1696 elongato
1353 1631 1510 1697 emergens
1536 1632 1555 1669 ι·

402 1725 533 1780 exserte.
584 1717 781 1797 Sporsngium
815 1716 1019 1780 indistinctum
1043 1718 1090 1780 vel
1114 1716 1302 1798 distinctum,
1338 1718 1494 1781 columella
1512 1736 1543 1777 n·

404 1822 452 1883 vel
475 1821 552 1900 laxa,
575 1837 686 1901 sporne
708 1822 839 1902 majores
855 1822 1038 1885 reniiormes
1061 1823 1109 1885 vel
1134 1823 1266 1885 minores
1281 1822 1463 1906 globulosae
1485 1825 1509 1883 in
1526 1838 1545 1878 ι·

401 1926 470 1990 lulis
492 1927 574 1988 tertii
596 1923 711 1987 ordinis
736 1924 918 1989 eiiormstse.
963 1926 1110 2010 Vaginnla
1128 1929 1316 2011 regulariter
1339 1927 1504 2012 effiguratn.
1527 1923 1552 1984 li

293 2072 295 2079 ·
401 2031 504 2095 bitatto
525 2030 692 2092 terrestris.
738 2029 802 2092 Vits
825 2029 1003 2114 plerumque
1026 2048 1135 2095 annua.

902 2226 1030 2289 Fam.
1055 2227 1092 2289 Ι.

833 2363 1159 2435 EPHEMEREAE.
1268 2375 1270 2377 ’

491 2494 612 2563 Plantae
644 2499 782 2561 minimae
812 2499 963 2581 simplices
993 2500 1171 2564 subscaules
1202 2502 1251 2563 vel
1280 2500 1367 2563 caule
1392 2501 1525 2584 perbresi
1541 2518 1556 2557 n·

374 2617 378 2625 ·
405 2610 549 2682 structus,
572 2623 613 2668 ex
627 2621 721 2685 opere
744 2603 890 2668 celluloso
913 2604 981 2684 luo
1004 2604 1161 2685 termulae,
1184 2604 1361 2687 plerumque
1386 2608 1421 2670 ia
1443 2624 1495 2688 pro
1513 2602 1557 2658 ι’

401 2706 589 2772 illamentoso
610 2709 749 2772 intriesto
770 2708 857 2771 viridi
880 2706 1059 2774 nidutantes.

488 2812 616 2876 Fructus
633 2811 712 2875 loliis
727 2811 988 2893 periciaetialibus
1012 2815 1171 2876 immersus
1188 2813 1235 2878 nei
1251 2832 1431 2899 emergens.
1464 2816 1510 2880 Cat
1534 2836 1552 2860 ι·

401 2919 502 2983 tenuis
524 2917 731 2999 oampanulatn
752 2917 819 2980 basi
840 2917 947 2998 ineisa,
970 2935 1040 2981 raro
1056 2918 1211 2982 cucultsta.
1250 2918 1382 2999 Capsula
1406 2922 1439 2985 in
1454 2916 1554 3003 petinet

401 3022 482 3087 molli
514 3021 629 3105 putido
654 3023 924 3087 acuminato-ovata
954 3039 1010 3084 seu
1041 3022 1185 3105 globosa,
1219 3041 1236 3085 e
1269 3023 1389 3087 duobus
1426 3025 1548 3089 eettnt

331 3186 334 3195 ,
373 3188 377 3197 ,
402 3130 504 3192 stratis
526 3127 710 3209 composita,
733 3127 799 3191 sins
821 3128 986 3210 sporangio
1008 3126 1148 3210 speciali,
1172 3128 1308 3190 sineret
1330 3145 1403 3193 onum
1430 3130 1538 3193 colunne

400 3241 514 3297 natm
542 3232 582 3296 de
613 3230 761 3314 pedieello
789 3230 916 3295 decidua
944 3239 1034 3313 atque
1064 3232 1103 3296 sti
1130 3233 1197 3314 ejus
1226 3233 1431 3298 insertionem
1468 3252 1518 3317 per
1534 3258 1556 3274 ι·

399 3337 517 3419 sponse
539 3354 678 3420 magnae
702 3334 882 3399 reniiorrnes
905 3336 954 3398 nel
976 3336 1133 3421 globosae,
1155 3335 1349 3418 manutenes.
1398 3337 1559 3403 Habitetis

398 3449 484 3507 terra
506 3441 588 3506 nuda
609 3440 826 3504 humidiuscuta
854 3443 989 3524 regionis
1011 3441 1188 3521 campestris
1220 3443 1311 3504 totius
1333 3440 1489 3525 Europae.
1528 3441 1552 3500 t·

399 3564 509 3628 sunus,
533 3548 655 3627 saepius
676 3526 696 3607 e
719 3544 878 3626 prothallio
897 3544 1023 3629 redienti
1045 3546 1195 3610 continara.

485 3652 656 3716 ttuscnnnm
677 3659 925 3734 stegooarporunn
946 3651 1159 3716 Foaoriaoeor
1181 3652 1326 3717 referunt

790 3859 862 3925 tien
888 3863 914 3925 l.
958 3860 1199 3930 EPliEliERUli.

854 3981 939 4033 llam
956 3980 1033 4035 Flora
1052 3982 1127 4036 test.

487 4085 636 4150 Protlnallii
658 4085 849 4167 persistentis
865 4087 939 4149 rami
960 4085 1122 4151 dichotomi
1143 4087 1308 4152 lmeieulati
1323 4091 1434 4157 θτοαὶ.
1466 4092 1522 4155 P..

400 4193 531 4256 omnium
564 4191 721 4272 minimae,
753 4190 944 4271 emanantes,
977 4192 1147 4275 gregarius.
1191 4192 1272 4256 Fotis
1302 4192 1403 4256 mollis
1434 4215 1474 4258 ex
1505 4210 1533 4255 o·

401 4295 717 4378 oblongo-tanoeotats
727 4303 758 4358 et
773 4295 951 4359 irneeotsto-
967 4297 1099 4379 ligatura,
1115 4297 1263 4360 ocellatis
1278 4296 1494 4379 laxishyatinis
1510 4331 1513 4346 .

400 4398 648 4482 chlorophyllosis
683 4408 749 4463 rete
781 4397 1152 4482 nlenten-hexagonum
1184 4401 1342 4465 uniforme-
1363 4403 1493 4468 aliorsus

399 4514 582 4604 constructa,
606 4514 737 4569 eeostata
760 4505 805 4568 net
828 4514 912 4569 cestu
934 4506 999 4571 laxa
1022 4508 1108 4570 viridi
1132 4525 1293 4588 percursa,
1317 4511 1460 4590 margine
1481 4526 1557 4590 gro»
