3140 5372
517 391 679 461 liypnaceae.
1130 381 1189 444 bill

23 567 154 620 subincurra
172 569 214 620 vel
232 568 381 624 abbreviata
397 569 499 636 turgide
519 577 609 632 orata,
630 567 697 620 unde
717 564 856 620 varietates
875 575 1032 618 enascuntur
1050 563 1193 632 complures

23 653 72 706 laris
87 658 134 708 suis
152 657 214 710 ratis
233 667 379 711 constantes
398 655 537 726 habitoque
556 652 679 723 peculiari
698 655 819 722 insignes.
852 653 943 708 Forma
961 651 1098 720 normalis,
1116 667 1194 706 sensu

23 753 101 794 nostro.
126 742 168 795 illa
187 754 226 796 est
245 761 310 814 quae
329 745 475 813 ubicunque
494 743 541 796 sub
560 743 685 806 dumetis,
711 743 736 792 in
760 743 880 807 pomariis
904 741 1102 811 nemoribusque
1121 757 1195 792 cam·

22 830 127 894 pestribus
149 829 208 882 latis
231 830 417 901 laxissimisque
436 830 595 898 caespitibus
613 840 698 882 terrae
716 829 866 882 incumbens
883 829 1004 881 radiculis
1023 827 1101 880 nullis
1113 828 1193 880 adlisa

21 920 135 984 reperitur,
159 919 327 987 caulibusque
345 917 464 972 tenuibus
481 915 614 984 perlongis
634 933 699 984 vage
719 916 760 970 vel
778 916 949 984 subpinnatim
968 915 1101 970 ramulosis
1120 916 1193 968 laxe·

19 1023 57 1072 quc
74 1003 178 1070 foliosis,
204 1006 310 1075 capsula
327 1006 438 1076 oblonga
458 1007 575 1058 siccitate
595 1007 698 1057 incurva
717 1022 774 1056 sese
794 1005 940 1072 distinguit,
970 1021 1024 1058 var.
1043 1003 1072 1068 ti.
1092 1023 1107 1058 a
1125 1021 1192 1056 non-

19 1089 79 1142 nullis
95 1108 137 1158 pro
155 1095 244 1160 specie
263 1095 366 1161 propria
389 1093 488 1160 habita,
517 1092 600 1143 diilert
627 1089 702 1144 caule
728 1091 847 1142 breviore
875 1094 956 1160 magis
981 1110 1096 1159 ramoso,
1123 1092 1193 1146 loliis

19 1181 78 1230 totius
95 1179 194 1246 plantae
212 1178 432 1255 subuniiormibus
453 1179 618 1232 solidioribus
637 1188 748 1232 saturato
768 1179 906 1247 viridibus,
935 1181 1041 1249 capsula
1059 1181 1193 1248 breviore3

19 1281 57 1316 rar.
74 1283 95 1328 γ.
113 1283 126 1318 a
144 1267 259 1320 Bridelio
277 1268 337 1320 oiim
356 1269 458 1320 nomine
478 1269 510 1319 ll.
529 1268 647 1334 speciosi
665 1267 785 1334 specifice
809 1268 942 1335 distincta,
976 1270 1067 1321 iaciens
1092 1267 1195 1320 exbibet

19 1351 106 1406 rlienara
133 1355 172 1407 illi
197 1357 294 1408 iormte
324 1358 428 1407 minoris
456 1355 555 1406 Brucd.
575 1353 694 1404 catabuli
720 1352 762 1404 vel
790 1353 910 1420 Ripaei.
930 1353 1108 1420 marisci-ntis
1125 1353 1195 1406 baud

19 1441 155 1509 dissimilem,
169 1443 352 1512 capsulamque
365 1443 488 1509 majorem
501 1439 670 1494 crassiuscule
683 1451 784 1492 ovatant
796 1440 998 1508 subpendulam;
1017 1459 1069 1494 var.
1078 1438 1103 1496 tl.
1112 1441 1194 1510 sylvis

18 1533 117 1582 mutosis
139 1534 257 1600 propria,
287 1533 448 1600 dignoscitur
471 1528 628 1597 caespitibus
654 1529 816 1588 condensatis
839 1528 1010 1582 subrelatinis
1041 1531 1140 1582 viridi·
1168 1540 1195 1583 et

18 1615 314 1687 latescenti-rariegatis,
340 1619 457 1670 caulibus
484 1620 612 1687 ramisque
637 1615 791 1670 abbreviatis
818 1617 1017 1670 ascendentibus
1045 1628 1071 1672 et
1089 1619 1193 1686 erectis,

18 1703 68 1756 loliis
85 1706 162 1758 dense
182 1707 305 1759 confertis
324 1705 441 1757 siccitate
460 1703 517 1756 laxe
535 1703 759 1772 incumbentibus,
786 1704 910 1772 capsulae
935 1706 1100 1758 abbreviatae
1119 1706 1193 1759 raiae

18 1793 116 1860 >percolo
134 1793 258 1847 solidiore
275 1793 459 1846 rulo-rostrato
478 1791 607 1860 pedicello
626 1791 760 1858 breuiore,
792 1803 818 1846 et
836 1793 902 1846 haud
920 1811 977 1848 raro
996 1795 1078 1863 primo
1101 1794 1193 1848 intuitu

18 1895 49 1945 pro
66 1881 159 1935 llrtrcb.
178 1883 302 1936 adelino
318 1881 436 1934 babetur.

359 2073 401 2140 id.
432 2071 649 2155 iarnyncttuu
670 2069 820 2152 paulun

354 2215 418 2284 app.
437 2214 562 2284 punitum
581 2213 656 2266 wne.
676 2210 752 2280 angi.
771 2210 827 2264 ae.

80 2337 257 2416 Tenelium,
290 2337 419 2418 implexe
451 2335 859 2419 demisso-caespitulosum.
905 2334 1005 2396 Cauiis
1036 2334 1192 2415 pertenuis

18 2441 196 2523 ubpinnatim
221 2441 390 2506 ramulosus
415 2443 582 2508 stoloniler.
628 2442 709 2506 Folia
732 2440 1023 2532 ovato-lanceolata,
1046 2440 1192 2502 ramulina

17 2549 158 2611 ancenlata
182 2555 299 2612 remota
324 2547 402 2612 haud
426 2549 636 2626 decurrentia,
661 2549 872 2635 semicostata,
893 2547 1012 2610 minute
1035 2546 1192 2626 serrulata,

17 2669 94 2732 tpaca,
118 2652 234 2716 areolis
258 2653 448 2717 brevioribus
472 2655 643 2740 latioribus,
668 2655 803 2735 siccitate
826 2652 1022 2733 subcrispata.
1067 2650 1195 2733 Capsula

17 2757 196 2838 apedicello
220 2757 412 2822 breviusculo
435 2758 588 2838 minutula,
613 2759 799 2821 brevi-oveto
822 2757 870 2818 vel
892 2757 1033 2840 oblongo,
1057 2756 1194 2838 operculi

17 2879 91 2924 ostro
121 2864 267 2946 pertenui
298 2862 416 2946 pallido.
461 2863 672 2925 Peristontium
695 2859 922 2944 praecedentis,
956 2861 1078 2923 dilutius
1109 2860 1192 2923 rui-

17 2971 214 3052 trrugineum.
260 2967 360 3051 Bryol.
384 2987 449 3031 eur.
474 2969 509 3050 v,
533 2968 614 3033 Tab..
630 2966 693 3030 525
717 2967 767 3042 (Ε.
788 2969 950 3048 praelonp.
974 2985 1036 3029 var.
1060 2969 1113 3043 li).

17 3087 69 3172 lpp.
88 3094 243 3173 pumileas
266 3091 357 3154 was.
380 3089 467 3174 lingl.
489 3090 554 3154 B0t.
579 3089 679 3173 Suppl.
703 3097 724 3151 t.
748 3086 845 3168 2942,
869 3095 899 3152 et
922 3087 1022 3170 Bryol.
1046 3087 1118 3150 Brit.

17 3193 71 3276 lpp.
94 3198 248 3260 swartaii
269 3199 298 3272 β.
321 3198 421 3259 minua
444 3195 531 3257 Tuan.
556 3194 650 3257 blus'c.
674 3193 797 3257 Hibern.

17 3297 69 3382 lpp.
89 3304 300 3383 praelonpam
316 3319 382 3364 car.
399 3301 648 3382 pallide-ostrum
662 3299 714 3361 Αι.
731 3298 836 3360 bunun.
853 3298 883 3360 in
899 3297 980 3360 Bnro.
996 3295 1191 3377 Bryol.'univ.

17 3403 69 3486 lpp.
90 3407 344 3488 pallidirostrum
367 3405 400 3468 C.
424 3405 539 3467 Missua
564 3405 690 3486 Synops.
913 3456 921 3480 ,

17 3509 84 3572 luri.
104 3512 315 3593 praelonprtm
336 3514 366 3588 β.
388 3510 535 3591 pastilam
558 3509 608 3572 lla.
634 3515 665 3570 et
689 3509 752 3572 Seu.
775 3507 874 3587 bryol.
898 3525 961 3569 eur.

17 3611 85 3678 lari.
107 3616 261 3696 pumilum
284 3615 382 3678 Soura.
406 3612 516 3680 Coroll.

76 3737 182 3802 liubit.
208 3735 244 3799 ad
269 3754 341 3798 saxa
366 3736 503 3798 arenaria
527 3741 557 3796 et
581 3733 618 3797 ad
642 3752 773 3817 aggeres
796 3734 948 3816 lapidosos
966 3734 1137 3814 umbrosos,
1162 3735 1190 3796 in

19 3844 157 3904 unetosis
183 3839 222 3906 ad
238 3849 369 3920 terram,
393 3841 424 3902 in
448 3839 589 3902 Hibernia
612 3839 818 3921 (isernoros),
844 3842 874 3903 in
896 3840 1034 3923 lapicidio
1050 3840 1191 3912 arenario

18 3963 82 4026 rope
112 3949 316 4028 Worrs'nptoa
350 3946 478 4029 Angliae
510 3945 561 4007 ubi
595 3947 679 4008 amic.
705 3945 825 4009 Wnson
860 3948 973 4026 primus
1004 3945 1140 4008 distinxit
1163 3953 1192 4006 et

17 4067 56 4110 ise
78 4051 157 4115 duce
183 4050 342 4114 detectore
359 4049 483 4131 pulchre
501 4051 571 4132 legi,
597 4052 626 4112 in
642 4051 824 4115 Normannia
839 4069 934 4134 prope
955 4052 1025 4114 Vire
1043 4053 1191 4130 (Pastor),

19 4171 83 4234 rope
107 4157 280 4220 cariatarbe
303 4155 370 4230 (Au.
386 4153 506 4234 Banna),
531 4156 674 4239 nuperius
693 4157 782 4218 etiam
798 4157 828 4218 in
844 4175 915 4219 arce
931 4157 1052 4240 antiqua
1070 4157 1192 4239 Sylvae·

17 4259 95 4340 igme
118 4261 271 4325 Durbeclr
295 4259 375 4322 dicta
398 4267 429 4322 et
449 4261 481 4321 in
505 4278 575 4323 arce
599 4261 852 4346 Heidelbergensi
875 4263 999 4343 copiose
1022 4265 1134 4344 reperi.

77 4367 179 4428 Fruct.
204 4373 316 4428 matur.
341 4383 424 4429 vere.

62 4487 189 4540 llinimum
208 4489 322 4556 generis,
341 4488 514 4556 magnitudine
534 4497 561 4540 et
579 4487 664 4540 habitu
683 4491 793 4540 medium
813 4498 884 4540 tenet
901 4491 968 4542 inter
987 4491 1115 4556 Amilprt.
1133 4505 1191 4542 rcr-

17 4585 61 4622 roe
77 4585 101 4624 et
120 4575 289 4641 lldyncltoct.
310 4575 447 4627 Tecsdalii

48 4667 179 4718 saturans,
196 4669 315 4722 synopsis.
949 4648 983 4700 36
