3106 5370
540 257 722 312 Funeriacene.
1170 263 1230 325 311

97 435 163 502 spi.
182 434 389 486 meianoeralon
407 432 489 486 Scaw.
509 431 592 486 torma
613 433 695 486 minor
716 435 903 504 depauperata,
930 439 1062 508 padieello
1084 441 1233 498 abbreviato

28 521 156 573 crantore
175 530 391 590 atropurpnreo‚
414 519 522 586 hujusce
539 520 638 588 speciei
656 530 696 574 eat
713 538 727 573 ιι
746 520 843 575 'lilerio
861 540 876 576 e
895 525 1087 582 Remissioris
1104 530 1193 584 relata

96 605 212 670 Fructus
232 607 364 674 juniores,
392 615 421 660 ut
437 607 514 658 etiam
532 607 558 658 in
576 607 748 674 praecedente
771 612 873 679 specie,
896 614 1002 680 saepius
1026 631 1085 668 cum
1106 617 1232 688 apophysi

28 694 192 762 mpultsces
210 692 323 747 riridnln
341 692 491 746 mollissima
508 693 677 762 reperiuntur.

481 905 790 920 ffl-n-——u—o—-q

541 1056 665 1142 lrllns
691 1058 728 1143 l.

415 1213 853 1296 FUNARIACEAE.

116 1382 242 1444 Plantae
266 1392 385 1438 annuae
407 1391 476 1436 raro
498 1373 646 1458 biennes,
677 1378 838 1462 gregariae
861 1379 908 1442 rel
931 1380 998 1443 laxe
1021 1380 1228 1466 subcaespilu·

32 1487 127 1564 losse,
153 1483 274 1547 molles.
320 1478 399 1543 Folia
421 1477 592 1560 latiuscula,
625 1499 642 1542 e
665 1481 781 1545 cellulis
805 1481 922 1566 magnis
946 1488 1110 1569 composita
1132 1487 1229 1571 lepto-

35 1589 163 1673 ¹dormis,
199 1596 269 1652 rete
292 1586 472 1670 hexagono·
495 1593 526 1647 et
548 1586 921 1670 oblongo-rhomboidenm
945 1589 1043 1653 laxum
1068 1591 1227 1657 ellormsn-

17 1675 121 1789 ¹pallus,
146 1695 258 1774 laevia,
284 1691 393 1770 mollia,
417 1699 499 1754 costa
522 1693 605 1754 tenui
628 1709 698 1756 raro
720 1690 809 1754 nulla.
855 1689 984 1774 Capsula
1002 1697 1158 1778 sphaerica
1181 1699 1229 1762 vel

39 1801 125 1865 usalis
149 1799 231 1864 eollo
259 1797 327 1880 plus
349 1795 485 1857 minusve
507 1795 647 1860 distincto
670 1795 831 1878 instructa,
855 1808 956 1864 erecta
977 1801 1145 1885 regularis,
1179 1803 1228 1882 vel

41 1923 143 1971 remus
176 1903 286 1986 gibba,
325 1901 484 1985 sporangio
517 1900 614 1964 libero
646 1902 787 1986 capsulae
816 1905 960 1985 contigno
989 1907 1037 1970 vel
1069 1905 1226 1971 filamentis

21 1988 67 2070 v'ei
85 2008 291 2085 adhaerente,
315 2005 487 2087 peristomio
509 2003 609 2086 nulio,
633 2005 760 2089 simplici
783 2014 813 2071 et
836 2007 954 2091 duplici.

525 2201 651 2264 Fam.
688 2201 728 2266 1.

485 2339 774 2412 ulscunlunu.

116 2497 249 2560 Plantae
273 2481 424 2572 minima'e,
448 2490 641 2572 salumias,
665 2494 841 2578 gregariam
864 2491 1024 2574 prothallio
1046 2493 1134 2558 viridi
1157 2511 1226 2577 per·

43 2597 154 2665 monte
172 2597 357 2674 insidentes,
379 2595 610 2679 gemmilormas,
627 2597 753 2662 dioioae.
792 2597 873 2662 Folia
891 2595 1223 2682 oblongo-laneeotats3

73 2704 260 2768 riehaetialia
282 2700 433 2784 elongata,
473 2700 569 2764 omnia
593 2709 739 2783 ecostata,
761 2704 820 2767 reti
842 2699 1226 2784 hexagono-rhomboideo.

12 2784 18 2896 J
82 2810 187 2874 ntulae
222 2805 371 2870 masculae
401 2807 430 2868 in
460 2805 566 2870 eodem
596 2809 754 2891 prothsllio
783 2829 818 2873 ac
847 2807 1012 2888 femineae,
1050 2807 1226 2880 breviores3

12 2905 16 2911 ’
70 2913 200 2978 thetidis
234 2911 375 2996 parvula,
411 2911 591 2996 paraphyses
623 2932 807 2979 numerosae
840 2911 1040 2977 subolavatae.
1087 2909 1227 2992 Galyptra

5 3077 20 3093 f
69 3035 84 3078 ο
115 3020 224 3082 latere
254 3023 315 3079 tota
346 3015 407 3080 iare
440 3017 624 3103 longitudine
655 3027 777 3103 aperta,
807 3019 986 3102 plerumque
1015 3018 1046 3079 in
1077 3010 1228 3096 pedicello

63 3125 189 3199 relicta,
216 3121 360 3184 subtorta.
405 3123 530 3208 capsula
552 3126 582 3188 in
605 3126 755 3208 pedicello
779 3126 870 3208 longo
899 3119 1088 3182 suhaarnosn
1110 3112 1229 3180 rabello

13 3281 20 3288 .
78 3228 243 3292 locatione
270 3226 347 3288 lunis
369 3226 405 3289 ad
426 3227 521 3293 instar
541 3227 733 3296 dextrorsum
749 3237 830 3293 torto
849 3241 974 3303 cernua,
999 3228 1100 3286 ovato·
1103 3217 1229 3300 globosa

56 3333 247 3416 chyderma.
292 3330 468 3414 Opereulum
492 3357 647 3424 maguum,
677 3354 830 3403 convexo·
818 3332 982 3397 -conieum
1029 3321 1230 3434 Sporungium

63 3455 171 3498 emm·
222 3433 354 3498 dinifius
377 3458 510 3526 mugnus
552 3445 722 3510 Peristomii
744 3438 891 3523 simplicis
915 3433 1025 3498 dentes
1052 3427 1102 3508 16,
1126 3421 1230 3504 aequ·

16 3617 18 3625 y
47 3535 197 3617 istames,
223 3537 387 3622 lanceolati,
410 3556 525 3614 remote
546 3551 739 3630 trabeculali,
764 3542 913 3619 striolsti,
936 3536 1104 3610 rubentes,
1129 3523 1234 3590 abasi
1303 3527 1311 3546 ¹

1 3631 7 3671 i
36 3639 67 3700 ad
90 3641 259 3704 medium
251 3660 281 3704 m
301 3643 377 3710 linea
399 3651 517 3719 media'
509 3665 587 3720 mter
610 3653 841 3721 astipulationes
858 3645 937 3708 rima
950 3641 1082 3704 hiantes.
1121 3631 1236 3712 Sporae

35 3743 238 3847 lial¹¹⁸⁰¹¹¹i⁹
243 3748 444 3836 lranulosae.
489 3761 633 3826 liabitatio
656 3757 829 3824 terrestris.

23 3868 59 3945 ³,
124 3845 248 3912 thilio
270 3853 430 3940 paradoxa,
463 3883 552 3930 unum
577 3885 674 3954 genus
700 3881 769 3928 cum
794 3876 859 3921 una
894 3851 1000 3936 specie
1024 3835 1243 3919 complectens,

20 3947 242 4031 i'fflmffli
266 3956 545 4054 *nodossplemerin
570 3975 686 4038 fructus
705 3965 814 4033 indole
832 3957 950 4044 purtim
963 3943 1115 4019 lunariis,
1137 3931 1246 4016 parlim

46 4122 52 4175 Ι
167 4055 266 4140 mim
288 4057 410 4150 dmine
434 4071 545 4156 (quoad
562 4075 791 4166 peristomium)
819 4045 1117 4129 Tremmodonuuus
1140 4033 1250 4100 allonis

45 4196 52 4281 i

36 4284 56 4381 ,i
