3238 5352
584 403 749 462 introductio.
1194 409 1266 466 xvn

74 577 210 662 manicias
239 578 429 663 pampbyscs
460 577 573 644 virides
606 581 802 665 granulisque
839 581 1090 664 chloroplryllosls
1129 584 1266 667 impletas

73 684 201 748 invenies
224 683 256 746 in
278 683 369 767 Bryo
390 703 482 750 roceo
505 701 533 748 e.
549 701 588 765 a,
612 685 746 768 hyalinus
770 685 925 750 humorem
949 703 1094 768 aquosum
1116 687 1264 752 vehentes

73 789 368 870 inl’lyacorritra'r'r,
390 787 571 870 Splucltnir,
595 789 779 869 Pottincea'r,
802 788 990 852 lutosccntes
1007 789 1218 855 subscarioass
1234 793 1263 854 in

75 893 281 972 omnimo,
303 892 504 974 Bortronniin
526 894 677 958 aurantius
700 900 732 956 et
753 891 899 956 rubentes
923 892 954 954 io
976 893 1227 974 Polytrtclmceia.

218 1085 245 1148 ς.
263 1083 292 1136 ο.
327 1085 378 1136 De
395 1084 484 1138 floris
501 1084 631 1138 feminei
649 1087 683 1137 et
699 1081 1113 1146 umexumtaadtspoaauono.

147 1203 218 1266 Flos
253 1202 405 1268 femineus
435 1214 466 1270 et
487 1206 652 1270 bisermalis
683 1205 804 1288 inipso
833 1203 919 1270 caule
942 1205 993 1267 rel
1016 1207 1046 1267 in
1070 1207 1263 1270 innovatione

74 1323 160 1370 annua
193 1311 369 1373 eminete
398 1311 551 1393 reperitur
580 1311 611 1373 in
641 1310 781 1373 omnibus
814 1309 927 1373 muscis
960 1311 1160 1394 acrocarplcis
1189 1311 1209 1374 i.
1233 1331 1263 1373 e.

75 1409 191 1473 lnucmm
212 1413 246 1475 in
271 1415 430 1478 cacumine
453 1413 639 1496 serentibus3
662 1416 808 1479 ancillaria
830 1431 888 1477 seu
911 1415 1050 1479 later-clio
1071 1417 1102 1477 in
1125 1415 1163 1479 iis
1187 1433 1262 1498 quo·

75 1531 132 1577 runa
153 1515 269 1580 lructus
292 1517 325 1580 in
347 1517 443 1582 caulis
466 1519 514 1584 vel
535 1519 610 1584 rami
633 1519 728 1584 latore
751 1537 769 1582 e
792 1519 856 1581 lolii
878 1517 966 1582 axilla
999 1519 1146 1604 originem
1169 1519 1260 1599 ducit,

80 1627 107 1678 et
123 1620 223 1701 mous
238 1619 397 1706 Bryologi,
421 1633 543 1706 propter
562 1624 603 1705 id,
627 1642 737 1688 nomen
753 1622 1018 1707 pleurocarporom
1041 1625 1261 1707 imposuerunt.

84 1721 255 1809 mosoma
292 1726 434 1790 dicontur
468 1728 509 1792 illi
543 1745 669 1811 quorum
708 1727 801 1792 liores
835 1727 957 1792 feminei
990 1745 1090 1792 ramos
1124 1747 1141 1791 c
1175 1730 1262 1792 caule

82 1827 199 1906 pomario
221 1840 389 1895 nascentes
411 1850 482 1896 raro
503 1833 600 1916 ipsum
622 1833 738 1897 caulem
761 1833 933 1916 primarium
955 1833 1124 1897 terminant.
1157 1835 1261 1916 Systc-

79 1935 160 1997 mici
180 1935 318 2000 nonnulli
340 1954 397 1999 eos
421 1937 458 2000 ab
480 1937 672 2020 Acrocanpa'r
693 1939 873 2022 sejungunt3
898 1955 936 2000 ao
954 1935 1048 2019 juet

493 2128 520 2189 ς.
538 2125 566 2180 ’1.
592 2129 641 2180 De
657 2128 834 2192 pealgynio.

148 2247 243 2312 Floris
267 2249 393 2313 leminei
415 2249 600 2314 involucrum
623 2249 802 2334 gemmulam
826 2249 905 2314 sistit
926 2248 1087 2334 gracilem,
1123 2249 1259 2328 imbrica-

73 2357 135 2432 tam,
156 2353 300 2434 cinosam,
325 2353 487 2438 perigenio
509 2354 708 2438 gemmilormi
730 2353 916 2438 longiorem,
948 2371 1027 2436 eque
1057 2353 1137 2417 soliis
1160 2356 1259 2418 minus

73 2455 226 2520 acaulinis
258 2451 490 2542 divergentllrua
520 2459 724 2540 compositam.
775 2457 950 2542 lledwigius
981 2458 1167 2522 involucrum
1201 2457 1259 2522 lmo

73 2577 131 2623 cun
150 2561 346 2646 pareclnnmio
370 2562 419 2626 vel
443 2562 556 2626 fruetus
585 2563 741 2626 involucro
766 2564 973 2644 commutavit,
997 2563 1152 2646 quamuis,
1184 2569 1259 2626 tem-

73 2681 138 2747 pore
158 2685 219 2750 quo
242 2687 360 2753 organa
383 2667 513 2730 leminea
535 2665 655 2747 llorent,
678 2668 715 2730 ab
738 2684 776 2731 eo
798 2665 886 2732 valde
908 2667 1059 2731 diversum
1080 2667 1260 2731 inveniatur.

74 2767 212 2855 lerigynii
233 2773 316 2836 enim
339 2771 411 2836 lolia
433 2772 597 2854 perfectam
614 2789 697 2834 suam
714 2771 917 2836 evolutionem
933 2772 1092 2852 exhibent,
1116 2771 1186 2836 dum
1209 2772 1258 2836 illa

74 2875 237 2954 pammatii
261 2876 439 2959 imperfecta
463 2875 645 2958 minimeque
668 2875 789 2938 evoluta
811 2876 842 2939 in
864 2876 930 2958 ipso
962 2875 1122 2960 perigynio
1150 2875 1258 2958 pistilla

74 2979 287 3044 circumeuntia
322 2979 589 3063 deprehenduntur
616 2987 648 3042 et
677 2979 799 3042 nonnisi
825 2997 892 3042 curn
922 2979 1037 3043 lruotus
1061 2981 1191 3064 junioris
1213 2981 1259 3043 in-

72 3093 215 3150 cremento
236 3087 460 3150 incrementum
481 3083 634 3165 proprium
656 3082 806 3146 inchoant.

143 3190 190 3254 oe
212 3189 402 3273 pcmchaetio
424 3188 552 3251 locuturi
574 3205 678 3251 sumus
702 3205 769 3251 cum
796 3186 835 3250 de
856 3186 923 3269 ipso
940 3187 1039 3250 lruotu
1054 3187 1258 3252 tractabimus.

485 3325 858 3444 mmmmm

141 3503 357 3586 resonatos·
379 3505 508 3584 (young,
531 3501 734 3578 connubium)
764 3499 949 3563 involucrum
980 3498 1083 3564 llorale
1096 3507 1156 3562 est
1177 3499 1257 3581 quod

70 3609 197 3690 gutuli·
221 3605 358 3670 mascula
381 3612 413 3668 et
435 3605 564 3670 leminea
586 3607 618 3670 in
641 3604 749 3670 codam
765 3603 957 3687 receptaculo
973 3605 1176 3687 approximate
1198 3605 1256 3668 cir-

68 3713 220 3798 cumcingit
242 3717 338 3793 atque
359 3708 493 3776 includit.

143 3817 311 3901 Perigyuio
344 3831 400 3897 pro
442 3831 526 3876 more
559 3813 695 3878 orossius
727 3819 881 3877 caeterum
918 3813 1038 3877 omnino
1071 3812 1167 3876 simile
1200 3821 1257 3875 cst.

68 3919 202 3985 &utalia
232 3921 397 4002 utriusque
428 3935 522 3982 sexus
551 3919 601 3981 vel
634 3918 805 3981 intermixta
838 3915 886 3980 vel
907 3924 1092 4000 congregata
1115 3917 1164 3980 uel
1186 3916 1257 3980 lolio

68 4024 230 4090 invulnerati
254 4043 273 4088 a
296 4041 334 4088 se
357 4023 487 4086 invicem
510 4030 648 4105 separata
670 4021 880 4102 inveniuntur,
904 4021 982 4085 haud
1005 4039 1074 4084 raro
1090 4021 1257 4085 antherirlia

70 4127 271 4216 ingamgamii
293 4127 436 4192 loliorum
458 4127 555 4190 axillis
578 4123 853 4211 deprehenduntur.

277 4321 306 4385 θ.
325 4319 356 4372 θ’.
379 4319 429 4372 De
445 4317 534 4371 floris
550 4317 682 4374 feminei
698 4318 826 4382 organis
844 4317 1038 4370 nexualibus.

142 4426 319 4492 flasconem
350 4422 493 4509 genitalia
523 4421 653 4487 leminea
684 4425 729 4488 sic
761 4423 839 4486 dicta
869 4425 966 4506 primo
988 4422 1095 4486 intuitu
1118 4439 1255 4504 magnam

80 4527 279 4598 *latitudinem
317 4547 387 4594 cum
422 4525 710 4614 phanerogamarum
743 4527 909 4612 plantarum
950 4528 1066 4611 pistillis
1100 4525 1253 4608 exhibent,

114 4641 241 4700 δειιιηι,
255 4643 381 4700 ὃμομιι.
899 4629 902 4638 ’
1081 4630 1099 4683 2
1155 4681 1158 4694 ,
