3104 5364
478 371 649 430 waldam.
1115 367 1161 435 fl

23 545 95 607 clari
119 545 256 630 ottongo
288 553 320 610 et
349 545 672 630 elongato-lanceolata
702 543 978 625 lineali-sunniatas,
1013 563 1158 628 concava,

20 653 73 730 spire
94 652 177 712 ninus
203 651 354 733 profunde
382 659 497 714 serrata
528 652 683 733 dorsoque
704 649 863 732 papillosa,
895 651 994 712 minus
1017 649 1159 714 distincte

18 771 99 835 rugosa
134 755 255 818 Fructus
279 775 318 818 ex
341 754 446 818 eodem
479 755 664 837 perichaetio
694 754 897 836 complures3‘
913 753 1033 835 capsula
1064 754 1159 836 cylin-

15 859 95 938 lncea,
114 869 238 943 arcuata,
262 862 400 926 obsoleto
416 861 527 928 striata.
566 860 704 925 Annulus
726 878 743 922 e
760 858 869 942 duplici
886 857 1060 952 cellularum
1077 859 1159 924 serie

14 965 155 1044 onmsilus.
191 966 361 1030 Peristomii
382 965 491 1032 dentes
515 966 662 1046 minores,
684 965 762 1030 iulra
784 983 873 1028 crura
893 965 1020 1045 pertusi.
1059 963 1158 1046 Brpol.

16 1067 85 1146 nul,
105 1069 167 1132 Tol.
189 1067 241 1136 et.

17 1189 137 1256 deamo
155 1193 314 1256 rodostum
335 1191 452 1269 (Burin)
475 1191 527 1254 Ba.
551 1198 582 1252 et
605 1191 671 1256 Sca.
694 1189 792 1272 Bryol.
814 1208 879 1255 eur.
902 1189 921 1254 l.
944 1211 969 1254 c.

13 1291 134 1356 Mmom
154 1297 370 1360 Drammonda'a'
392 1297 424 1362 C.
448 1297 561 1360 lllducua
586 1296 713 1378 Synops.

68 1417 152 1480 lioda't
175 1420 205 1482 in
226 1419 385 1500 sylvaticis
414 1417 564 1498 humidis,
596 1416 798 1500 pulcherrime
829 1435 924 1500 prope
948 1415 1156 1484 Christianiam

12 1513 132 1602 lon-epioe
159 1523 207 1585 ubi
236 1524 274 1586 cl.
297 1523 389 1586 Burrr
417 1521 532 1586 delexit
555 1522 620 1603 ipse
651 1519 730 1605 legi;
759 1522 789 1582 in
812 1521 959 1584 Geslricia
981 1541 1075 1606 prope
1098 1523 1157 1586 Ge-

13 1621 78 1684 amn
106 1627 285 1708 (Hanmnu),
318 1628 349 1689 in
379 1627 530 1708 Luppouia
562 1625 675 1689 Pileusi
707 1625 898 1706 (linusano),
929 1628 1035 1691 sterile
1064 1645 1157 1712 prope

15 1720 163 1812 lomnptoc
183 1731 258 1796 Brit
282 1733 443 1806 (Wusou).
487 1731 534 1794 Ex
556 1731 697 1794 America
721 1737 797 1812 sept.
819 1729 980 1794 Daunonu
1003 1733 1092 1794 misit

63 1835 147 1898 l'rocl.
169 1819 341 1902 maamad
365 1837 488 1899 aestatis
510 1833 610 1896 linem.

50 1955 221 2022 speciosissima
239 1960 344 2030 generis
363 1959 465 2026 species
483 1974 499 2010 a
515 1957 631 2009 Dieron.
651 1958 782 2008 andalao
805 1956 919 2024 proximo
943 1953 1012 2010 loliis
1031 1957 1151 2028 longiori·

16 2052 37 2090 Ι
54 2045 233 2115 cognatioribna,
264 2048 338 2116 apice
362 2047 444 2097 minus
467 2054 555 2112 argute
581 2045 685 2096 serratis
713 2043 839 2112 dorsoque
864 2043 1011 2112 papilionis,
1038 2046 1155 2099 siccitate

15 2124 92 2198 hiatu,
107 2134 207 2202 capsula
224 2133 345 2204 longiore
362 2123 519 2202 regulariter
531 2141 634 2184 arcuata
647 2139 793 2184 constanter
811 2140 838 2183 et
846 2130 1018 2198 pulcherrime
1029 2133 1155 2188 distincte.

294 2325 369 2389 Gen.
394 2323 423 2388 7.
467 2321 822 2388 utcnnliouollritttt.

356 2462 431 2517 Buca.
450 2473 477 2517 ct
494 2465 580 2516 Scurra.
598 2461 686 2530 Brpol.
704 2479 758 2515 eur.

62 2583 162 2650 Plantae
192 2587 293 2650 dense
323 2588 526 2670 caespilantes
554 2583 683 2670 graciles
710 2585 777 2668 plus
811 2585 910 2648 minus
933 2585 1029 2649 elatae
1053 2585 1155 2652 dicho·

16 2695 59 2746 ane
76 2689 380 2774 fastigiata-ramosae.
422 2691 522 2756 Cauiis
544 2691 645 2754 tenuis
669 2696 804 2753 tomento
826 2689 997 2754 radiculoso
1019 2693 1155 2758 obrutus.

15 2781 57 2850 'olis
74 2797 314 2879 crectopatentia
334 2797 384 2858 vel
406 2793 674 2874 falcato-secunda,
697 2793 838 2878 rigidula,
862 2794 1001 2858 facillime
1017 2797 1154 2880 decidua,

15 2891 75 2956 slot
92 2898 248 2964 lanceolata
274 2901 525 2984 longemanum,
554 2900 667 2980 laevia,
699 2898 808 2976 nilida,
830 2899 1043 2982 integerrima,
1066 2909 1152 2966 costa

15 2989 99 3082 dau,
120 3005 178 3068 lolii
201 3011 290 3088 parte
313 3006 490 3088 angustiore
514 3011 604 3066 totam
627 3004 765 3087 paginam
788 3009 929 3084 tenente,
952 3005 1010 3066 reli
1033 3003 1154 3069 basilari

14 3107 312 3192 &euplo-hexagono
341 3109 377 3171 ad
407 3109 520 3171 alarum
543 3108 637 3170 latera
665 3105 792 3188 hyalino.
841 3107 945 3171 Flores
968 3107 1075 3188 dioici3
1107 3129 1154 3173 ar-

15 3195 109 3286 dona
128 3213 306 3298 longistyla5
329 3213 495 3278 antheridia
511 3213 661 3297 elongata.
701 3211 838 3294 Galyptra
854 3212 1029 3296 majuscula,
1053 3215 1154 3279 cucul-

18 3295 57 3371 Ήὶ.
72 3313 122 3377 basi
142 3318 262 3403 integra
321 3317 448 3401 Capsula
470 3319 500 3380 in
523 3315 674 3399 pedicello
701 3323 939 3400 arcuato-recta,
969 3318 1099 3403 oblonga
1124 3327 1154 3383 et

18 3405 288 3504 tlltpalo-oplindrica,
312 3422 518 3484 emembrana
535 3421 616 3484 molli
637 3420 761 3484 estriata
785 3421 921 3502 formata,
946 3423 1026 3485 sicca
1048 3423 1152 3489 laevis.

17 3504 140 3592 luceolum
172 3546 189 3590 c
225 3525 295 3590 basi
332 3524 477 3608 depressa
508 3523 767 3589 convexo-conica
804 3525 961 3589 aniculare.
1015 3525 1152 3592 tinnulus

14 3619 82 3686 nias.
117 3629 324 3694 Peristomium
347 3631 437 3714 longe
460 3630 537 3694 inira
560 3630 702 3711 capsulae
725 3629 870 3694 orificium
892 3633 1014 3713 oriens,
1036 3651 1054 3696 e
1077 3633 1152 3698 den-

12 3717 59 3784 &lt
78 3729 106 3793 tu
126 3735 159 3796 ad
179 3735 269 3798 basin
292 3753 391 3818 usque
411 3735 461 3797 vel
484 3734 548 3797 iere
571 3734 733 3818 bipartitis,
758 3735 895 3798 cruribus
917 3737 1085 3800 alternatim
1107 3741 1153 3802 in-

12 3833 134 3908 mutilus
154 3838 466 3919 lineari-lanceolatis,
490 3840 635 3902 remotius
658 3838 832 3919 articulatis,
856 3841 893 3902 ad
916 3842 1032 3924 apicem
1055 3861 1153 3926 usquo

13 3933 122 4020 dionis,
153 3944 328 4010 humiditate
364 3945 394 4006 in
431 3962 541 4008 conum
574 3937 824 4026 conniventibus,
863 3946 997 4010 siccitate
1034 3956 1152 4014 erecto·

13 4043 140 4111 pentilus.

68 4145 201 4219 domantia
223 4157 255 4218 in
278 4154 373 4232 sanis,
395 4160 476 4216 terra
499 4153 633 4218 toriacea
656 4154 704 4217 vel
725 4153 808 4238 ligno
829 4155 958 4240 putrido.

16 4253 159 4343 mimulos
177 4277 259 4340 Wau
283 4284 316 4340 et
338 4277 439 4358 Mona,
462 4277 543 4342 Baro.
567 4294 594 4340 e.
617 4295 643 4339 a.

15 4361 185 4444 enodem
204 4383 371 4452 Seouerou

72 4493 164 4566 Nonou
183 4522 199 4567 s
221 4509 367 4590 diapasoa
389 4503 531 4583 surculus,
555 4500 741 4570 decedens.
