<?xml version="1.0" encoding="UTF-8"?>
<!DOCTYPE html PUBLIC "-//W3C//DTD XHTML 1.0 Transitional//EN"
    "http://www.w3.org/TR/xhtml1/DTD/xhtml1-transitional.dtd">
<html xmlns="http://www.w3.org/1999/xhtml" xml:lang="en" lang="en">
 <head>
  <title>
</title>
<meta http-equiv="Content-Type" content="text/html;charset=utf-8" />
  <meta name='ocr-system' content='tesseract 3.04.00' />
  <meta name='ocr-capabilities' content='ocr_page ocr_carea ocr_par ocr_line ocrx_word'/>
</head>
<body>
  <div class='ocr_page' id='page_1' title='image "./synopsismuscoru01schigoog_0312.png"; bbox 0 0 3104 5364; ppageno 0'>
   <div class='ocr_carea' id='block_1_1' title="bbox 534 323 1207 408">
    <p class='ocr_par' dir='ltr' id='par_1_1' title="bbox 534 323 1207 408">
     <span class='ocr_line' id='line_1_1' title="bbox 534 323 1207 408; baseline 0.007 -26"><span class='ocrx_word' id='word_1_1' title='bbox 534 329 688 384; x_wconf 84' lang='lat' dir='ltr'><strong>Pottiacenc.</strong></span> <span class='ocrx_word' id='word_1_2' title='bbox 1145 323 1207 408; x_wconf 63' lang='lat' dir='ltr'><strong>l„</strong></span> 
     </span>
    </p>
   </div>
   <div class='ocr_carea' id='block_1_2' title="bbox 44 505 1206 664">
    <p class='ocr_par' dir='ltr' id='par_1_2' title="bbox 44 505 1206 664">
     <span class='ocr_line' id='line_1_2' title="bbox 47 505 1206 576; baseline 0.003 -20"><span class='ocrx_word' id='word_1_3' title='bbox 47 505 199 559; x_wconf 68' lang='lat' dir='ltr'><strong>militudinem</strong></span> <span class='ocrx_word' id='word_1_4' title='bbox 220 507 348 576; x_wconf 81' lang='lat' dir='ltr'><strong>praebens</strong></span> <span class='ocrx_word' id='word_1_5' title='bbox 368 524 441 575; x_wconf 86' lang='lat' dir='ltr'><strong>quant</strong></span> <span class='ocrx_word' id='word_1_6' title='bbox 462 523 517 559; x_wconf 88' lang='lat' dir='ltr'><strong>cum</strong></span> <span class='ocrx_word' id='word_1_7' title='bbox 537 505 658 559; x_wconf 77' lang='lat' dir='ltr'><strong>ullaulla</strong></span> <span class='ocrx_word' id='word_1_8' title='bbox 677 508 764 576; x_wconf 82' lang='lat' dir='ltr'><strong>specie</strong></span> <span class='ocrx_word' id='word_1_9' title='bbox 784 509 894 574; x_wconf 74' lang='lat' dir='ltr'><strong>poneris.</strong></span> <span class='ocrx_word' id='word_1_10' title='bbox 933 505 1043 574; x_wconf 78' lang='lat' dir='ltr'><strong>Gapanle</strong></span> <span class='ocrx_word' id='word_1_11' title='bbox 1067 523 1145 576; x_wconf 79' lang='lat' dir='ltr'><strong>saepo</strong></span> <span class='ocrx_word' id='word_1_12' title='bbox 1164 523 1206 560; x_wconf 89' lang='lat' dir='ltr'><strong>an·</strong></span> 
     </span>
     <span class='ocr_line' id='line_1_3' title="bbox 44 593 719 664; baseline -0.01 -14"><span class='ocrx_word' id='word_1_13' title='bbox 44 597 152 650; x_wconf 73' lang='lat' dir='ltr'><strong>animine</strong></span> <span class='ocrx_word' id='word_1_14' title='bbox 170 596 259 648; x_wconf 80' lang='lat' dir='ltr'><strong>evadit</strong></span> <span class='ocrx_word' id='word_1_15' title='bbox 276 595 457 664; x_wconf 76' lang='lat' dir='ltr'><strong>Pedieelloque</strong></span> <span class='ocrx_word' id='word_1_16' title='bbox 475 611 522 646; x_wconf 83' lang='lat' dir='ltr'><strong>sua</strong></span> <span class='ocrx_word' id='word_1_17' title='bbox 541 595 582 646; x_wconf 82' lang='lat' dir='ltr'><strong>rin</strong></span> <span class='ocrx_word' id='word_1_18' title='bbox 601 593 719 645; x_wconf 75' lang='lat' dir='ltr'><strong>crassior.</strong></span> 
     </span>
    </p>
   </div>
   <div class='ocr_carea' id='block_1_3' title="bbox 384 767 830 976">
    <p class='ocr_par' dir='ltr' id='par_1_3' title="bbox 384 767 830 976">
     <span class='ocr_line' id='line_1_4' title="bbox 384 767 830 851; baseline -0.002 -17"><span class='ocrx_word' id='word_1_19' title='bbox 384 772 411 834; x_wconf 80' lang='lat' dir='ltr'><strong>t</strong></span> <span class='ocrx_word' id='word_1_20' title='bbox 455 769 637 851; x_wconf 74' lang='lat' dir='ltr'><strong>nttynonn</strong></span> <span class='ocrx_word' id='word_1_21' title='bbox 660 767 830 836; x_wconf 75' lang='lat' dir='ltr'><strong>multotius.</strong></span> 
     </span>
     <span class='ocr_line' id='line_1_5' title="bbox 426 907 787 976; baseline -0.006 -16"><span class='ocrx_word' id='word_1_22' title='bbox 426 907 519 976; x_wconf 77' lang='lat' dir='ltr'><strong>Brpnm</strong></span> <span class='ocrx_word' id='word_1_23' title='bbox 539 907 690 962; x_wconf 84' lang='lat' dir='ltr'><strong>llexiiolium</strong></span> <span class='ocrx_word' id='word_1_24' title='bbox 702 907 787 962; x_wconf 80' lang='lat' dir='ltr'><strong>Dicas.</strong></span> 
     </span>
    </p>
   </div>
   <div class='ocr_carea' id='block_1_4' title="bbox 33 1031 1205 1958">
    <p class='ocr_par' dir='ltr' id='par_1_4' title="bbox 33 1031 1205 1958">
     <span class='ocr_line' id='line_1_6' title="bbox 101 1031 1205 1114; baseline 0.004 -21"><span class='ocrx_word' id='word_1_25' title='bbox 101 1033 257 1114; x_wconf 74' lang='lat' dir='ltr'><strong>caespites</strong></span> <span class='ocrx_word' id='word_1_26' title='bbox 281 1051 411 1096; x_wconf 80' lang='lat' dir='ltr'>amoene</span> <span class='ocrx_word' id='word_1_27' title='bbox 436 1041 468 1094; x_wconf 87' lang='lat' dir='ltr'><strong>et</strong></span> <span class='ocrx_word' id='word_1_28' title='bbox 496 1039 631 1096; x_wconf 84' lang='lat' dir='ltr'><strong>saturata</strong></span> <span class='ocrx_word' id='word_1_29' title='bbox 653 1031 783 1109; x_wconf 83' lang='lat' dir='ltr'><strong>virides,</strong></span> <span class='ocrx_word' id='word_1_30' title='bbox 814 1032 930 1094; x_wconf 86' lang='lat' dir='ltr'><strong>molles.</strong></span> <span class='ocrx_word' id='word_1_31' title='bbox 977 1031 1076 1092; x_wconf 79' lang='lat' dir='ltr'>Planta</span> <span class='ocrx_word' id='word_1_32' title='bbox 1100 1039 1205 1097; x_wconf 88' lang='lat' dir='ltr'><strong>tenera</strong></span> 
     </span>
     <span class='ocr_line' id='line_1_7' title="bbox 39 1135 1203 1220; baseline 0.003 -24"><span class='ocrx_word' id='word_1_33' title='bbox 39 1137 253 1200; x_wconf 81' lang='lat' dir='ltr'><strong>nisuecnlenta.</strong></span> <span class='ocrx_word' id='word_1_34' title='bbox 300 1137 380 1200; x_wconf 89' lang='lat' dir='ltr'><strong>Folio</strong></span> <span class='ocrx_word' id='word_1_35' title='bbox 404 1138 696 1220; x_wconf 82' lang='lat' dir='ltr'><strong>squamoso-patula,</strong></span> <span class='ocrx_word' id='word_1_36' title='bbox 719 1135 867 1216; x_wconf 85' lang='lat' dir='ltr'><strong>flexuosa,</strong></span> <span class='ocrx_word' id='word_1_37' title='bbox 891 1136 971 1198; x_wconf 82' lang='lat' dir='ltr'><strong>sicca</strong></span> <span class='ocrx_word' id='word_1_38' title='bbox 987 1135 1127 1218; x_wconf 89' lang='lat' dir='ltr'><strong>crispata,</strong></span> <span class='ocrx_word' id='word_1_39' title='bbox 1150 1137 1203 1200; x_wconf 87' lang='lat' dir='ltr'><strong>ab·</strong></span> 
     </span>
     <span class='ocr_line' id='line_1_8' title="bbox 38 1241 1203 1326; baseline 0.004 -26"><span class='ocrx_word' id='word_1_40' title='bbox 38 1243 98 1324; x_wconf 78' lang='lat' dir='ltr'><strong>lunga</strong></span> <span class='ocrx_word' id='word_1_41' title='bbox 113 1249 142 1303; x_wconf 86' lang='lat' dir='ltr'><strong>et</strong></span> <span class='ocrx_word' id='word_1_42' title='bbox 165 1243 302 1326; x_wconf 79' lang='lat' dir='ltr'><strong>ligulam,</strong></span> <span class='ocrx_word' id='word_1_43' title='bbox 326 1244 485 1323; x_wconf 82' lang='lat' dir='ltr'><strong>spiculata,</strong></span> <span class='ocrx_word' id='word_1_44' title='bbox 508 1245 592 1324; x_wconf 80' lang='lat' dir='ltr'>apice</span> <span class='ocrx_word' id='word_1_45' title='bbox 614 1259 725 1324; x_wconf 82' lang='lat' dir='ltr'><strong>grosse</strong></span> <span class='ocrx_word' id='word_1_46' title='bbox 748 1248 876 1320; x_wconf 89' lang='lat' dir='ltr'><strong>serrata,</strong></span> <span class='ocrx_word' id='word_1_47' title='bbox 900 1241 1043 1316; x_wconf 86' lang='lat' dir='ltr'><strong>carinata,</strong></span> <span class='ocrx_word' id='word_1_48' title='bbox 1068 1241 1203 1324; x_wconf 75' lang='lat' dir='ltr'><strong>margine</strong></span> 
     </span>
     <span class='ocr_line' id='line_1_9' title="bbox 36 1343 1204 1430; baseline 0.002 -24"><span class='ocrx_word' id='word_1_49' title='bbox 36 1365 138 1426; x_wconf 60' lang='lat' dir='ltr'><strong>superne</strong></span> <span class='ocrx_word' id='word_1_50' title='bbox 160 1348 251 1430; x_wconf 91' lang='lat' dir='ltr'><strong>plana</strong></span> <span class='ocrx_word' id='word_1_51' title='bbox 276 1349 396 1410; x_wconf 79' lang='lat' dir='ltr'><strong>inferne</strong></span> <span class='ocrx_word' id='word_1_52' title='bbox 426 1347 556 1425; x_wconf 82' lang='lat' dir='ltr'><strong>rellexa,</strong></span> <span class='ocrx_word' id='word_1_53' title='bbox 580 1357 664 1410; x_wconf 86' lang='lat' dir='ltr'><strong>costa</strong></span> <span class='ocrx_word' id='word_1_54' title='bbox 688 1347 744 1410; x_wconf 90' lang='lat' dir='ltr'><strong>sub</strong></span> <span class='ocrx_word' id='word_1_55' title='bbox 767 1348 852 1428; x_wconf 88' lang='lat' dir='ltr'><strong>apice</strong></span> <span class='ocrx_word' id='word_1_56' title='bbox 875 1343 1018 1415; x_wconf 69' lang='lat' dir='ltr'><strong>evanidm</strong></span> <span class='ocrx_word' id='word_1_57' title='bbox 1049 1344 1204 1426; x_wconf 84' lang='lat' dir='ltr'><strong>parichae·</strong></span> 
     </span>
     <span class='ocr_line' id='line_1_10' title="bbox 33 1448 1202 1536; baseline 0 -24"><span class='ocrx_word' id='word_1_58' title='bbox 33 1451 222 1534; x_wconf 76' lang='lat' dir='ltr'><strong>attentiora,</strong></span> <span class='ocrx_word' id='word_1_59' title='bbox 249 1452 489 1536; x_wconf 71' lang='lat' dir='ltr'><strong>subreginantim</strong></span> <span class='ocrx_word' id='word_1_60' title='bbox 520 1455 622 1516; x_wconf 89' lang='lat' dir='ltr'><strong>omnia</strong></span> <span class='ocrx_word' id='word_1_61' title='bbox 644 1452 731 1518; x_wconf 86' lang='lat' dir='ltr'><strong>valde</strong></span> <span class='ocrx_word' id='word_1_62' title='bbox 754 1451 898 1533; x_wconf 86' lang='lat' dir='ltr'><strong>papillnsa</strong></span> <span class='ocrx_word' id='word_1_63' title='bbox 921 1449 1028 1513; x_wconf 89' lang='lat' dir='ltr'><strong>mollia.</strong></span> <span class='ocrx_word' id='word_1_64' title='bbox 1075 1448 1202 1531; x_wconf 84' lang='lat' dir='ltr'><strong>Capsula</strong></span> 
     </span>
     <span class='ocr_line' id='line_1_11' title="bbox 33 1553 1202 1640; baseline 0.002 -24"><span class='ocrx_word' id='word_1_65' title='bbox 33 1557 194 1637; x_wconf 85' lang='lat' dir='ltr'><strong>ntpedicello</strong></span> <span class='ocrx_word' id='word_1_66' title='bbox 211 1559 297 1620; x_wconf 90' lang='lat' dir='ltr'><strong>molli</strong></span> <span class='ocrx_word' id='word_1_67' title='bbox 312 1557 423 1639; x_wconf 90' lang='lat' dir='ltr'><strong>pallida</strong></span> <span class='ocrx_word' id='word_1_68' title='bbox 437 1565 568 1640; x_wconf 76' lang='lat' dir='ltr'><strong>anguste</strong></span> <span class='ocrx_word' id='word_1_69' title='bbox 584 1557 761 1639; x_wconf 81' lang='lat' dir='ltr'><strong>cylindrica,</strong></span> <span class='ocrx_word' id='word_1_70' title='bbox 786 1553 984 1639; x_wconf 87' lang='lat' dir='ltr'><strong>leptoderma,</strong></span> <span class='ocrx_word' id='word_1_71' title='bbox 1011 1553 1104 1635; x_wconf 80' lang='lat' dir='ltr'><strong>lusca,</strong></span> <span class='ocrx_word' id='word_1_72' title='bbox 1120 1555 1202 1618; x_wconf 86' lang='lat' dir='ltr'><strong>sicca</strong></span> 
     </span>
     <span class='ocr_line' id='line_1_12' title="bbox 35 1659 1201 1744; baseline 0.001 -21"><span class='ocrx_word' id='word_1_73' title='bbox 35 1665 118 1724; x_wconf 80' lang='lat' dir='ltr'><strong>alceta</strong></span> <span class='ocrx_word' id='word_1_74' title='bbox 140 1664 197 1726; x_wconf 90' lang='lat' dir='ltr'><strong>sub</strong></span> <span class='ocrx_word' id='word_1_75' title='bbox 221 1682 279 1728; x_wconf 87' lang='lat' dir='ltr'><strong>ore</strong></span> <span class='ocrx_word' id='word_1_76' title='bbox 310 1663 420 1727; x_wconf 90' lang='lat' dir='ltr'><strong>leniter</strong></span> <span class='ocrx_word' id='word_1_77' title='bbox 443 1671 603 1727; x_wconf 87' lang='lat' dir='ltr'><strong>coarctata.</strong></span> <span class='ocrx_word' id='word_1_78' title='bbox 651 1663 834 1744; x_wconf 85' lang='lat' dir='ltr'><strong>Opcrculum</strong></span> <span class='ocrx_word' id='word_1_79' title='bbox 863 1659 1017 1737; x_wconf 78' lang='lat' dir='ltr'><strong>conicum,</strong></span> <span class='ocrx_word' id='word_1_80' title='bbox 1049 1659 1201 1724; x_wconf 77' lang='lat' dir='ltr'><strong>brevitas-</strong></span> 
     </span>
     <span class='ocr_line' id='line_1_13' title="bbox 36 1764 1200 1852; baseline 0.002 -26"><span class='ocrx_word' id='word_1_81' title='bbox 36 1776 94 1827; x_wconf 86' lang='lat' dir='ltr'><strong>tan.</strong></span> <span class='ocrx_word' id='word_1_82' title='bbox 130 1768 274 1832; x_wconf 83' lang='lat' dir='ltr'><strong>Annulus</strong></span> <span class='ocrx_word' id='word_1_83' title='bbox 299 1777 456 1852; x_wconf 78' lang='lat' dir='ltr'><strong>angustus.</strong></span> <span class='ocrx_word' id='word_1_84' title='bbox 496 1768 664 1830; x_wconf 87' lang='lat' dir='ltr'><strong>Peristnmii</strong></span> <span class='ocrx_word' id='word_1_85' title='bbox 688 1766 796 1830; x_wconf 87' lang='lat' dir='ltr'><strong>dantes</strong></span> <span class='ocrx_word' id='word_1_86' title='bbox 821 1765 930 1846; x_wconf 87' lang='lat' dir='ltr'><strong>teneri,</strong></span> <span class='ocrx_word' id='word_1_87' title='bbox 954 1764 1133 1847; x_wconf 80' lang='lat' dir='ltr'><strong>subintegri,</strong></span> <span class='ocrx_word' id='word_1_88' title='bbox 1152 1765 1200 1850; x_wconf 60' lang='lat' dir='ltr'><strong>⁸lti-</strong></span> 
     </span>
     <span class='ocr_line' id='line_1_14' title="bbox 35 1866 988 1958; baseline 0 -28"><span class='ocrx_word' id='word_1_89' title='bbox 35 1869 66 1930; x_wconf 87' lang='lat' dir='ltr'><strong>ili</strong></span> <span class='ocrx_word' id='word_1_90' title='bbox 83 1880 108 1933; x_wconf 81' lang='lat' dir='ltr'><strong>et</strong></span> <span class='ocrx_word' id='word_1_91' title='bbox 127 1873 242 1954; x_wconf 89' lang='lat' dir='ltr'><strong>pluries</strong></span> <span class='ocrx_word' id='word_1_92' title='bbox 269 1873 343 1952; x_wconf 86' lang='lat' dir='ltr'><strong>lissi,</strong></span> <span class='ocrx_word' id='word_1_93' title='bbox 369 1874 503 1958; x_wconf 80' lang='lat' dir='ltr'><strong>fugaces.</strong></span> <span class='ocrx_word' id='word_1_94' title='bbox 550 1871 648 1952; x_wconf 75' lang='lat' dir='ltr'><strong>Bryol.</strong></span> <span class='ocrx_word' id='word_1_95' title='bbox 674 1889 738 1933; x_wconf 87' lang='lat' dir='ltr'><strong>eur.</strong></span> <span class='ocrx_word' id='word_1_96' title='bbox 763 1870 795 1950; x_wconf 82' lang='lat' dir='ltr'><strong>ll,</strong></span> <span class='ocrx_word' id='word_1_97' title='bbox 821 1870 892 1934; x_wconf 84' lang='lat' dir='ltr'><strong>Tab.</strong></span> <span class='ocrx_word' id='word_1_98' title='bbox 918 1866 988 1931; x_wconf 76' lang='lat'>188.</span> 
     </span>
    </p>
   </div>
   <div class='ocr_carea' id='block_1_5' title="bbox 36 1991 1201 2810">
    <p class='ocr_par' dir='ltr' id='par_1_5' title="bbox 36 1991 1201 2284">
     <span class='ocr_line' id='line_1_15' title="bbox 36 1991 1199 2076; baseline 0.002 -24"><span class='ocrx_word' id='word_1_99' title='bbox 36 1991 119 2070; x_wconf 71' lang='lat' dir='ltr'><strong>lupen</strong></span> <span class='ocrx_word' id='word_1_100' title='bbox 132 1995 331 2076; x_wconf 72' lang='lat' dir='ltr'><strong>plexisolium,</strong></span> <span class='ocrx_word' id='word_1_101' title='bbox 357 1995 488 2076; x_wconf 82' lang='lat' dir='ltr'><strong>capsulis</strong></span> <span class='ocrx_word' id='word_1_102' title='bbox 506 1995 617 2057; x_wconf 84' lang='lat' dir='ltr'><strong>crectis</strong></span> <span class='ocrx_word' id='word_1_103' title='bbox 634 1991 938 2074; x_wconf 78' lang='lat' dir='ltr'><strong>ovato-cylindraccis</strong></span> <span class='ocrx_word' id='word_1_104' title='bbox 955 1991 1199 2055; x_wconf 84' lang='lat' dir='ltr'><strong>membranaceo-</strong></span> 
     </span>
     <span class='ocr_line' id='line_1_16' title="bbox 131 2095 1201 2178; baseline -0.002 -16"><span class='ocrx_word' id='word_1_105' title='bbox 131 2101 251 2177; x_wconf 86' lang='lat' dir='ltr'><strong>ciliatis,</strong></span> <span class='ocrx_word' id='word_1_106' title='bbox 277 2100 407 2162; x_wconf 91' lang='lat' dir='ltr'><strong>surculis</strong></span> <span class='ocrx_word' id='word_1_107' title='bbox 432 2096 655 2178; x_wconf 87' lang='lat' dir='ltr'><strong>subncaulibus‚</strong></span> <span class='ocrx_word' id='word_1_108' title='bbox 681 2097 760 2161; x_wconf 86' lang='lat' dir='ltr'><strong>loliis</strong></span> <span class='ocrx_word' id='word_1_109' title='bbox 777 2095 924 2160; x_wconf 85' lang='lat' dir='ltr'><strong>flexuosis</strong></span> <span class='ocrx_word' id='word_1_110' title='bbox 939 2095 1116 2160; x_wconf 85' lang='lat' dir='ltr'><strong>lanceolatis</strong></span> <span class='ocrx_word' id='word_1_111' title='bbox 1133 2115 1201 2171; x_wconf 50' lang='lat' dir='ltr'><strong>sar:</strong></span> 
     </span>
     <span class='ocr_line' id='line_1_17' title="bbox 131 2197 1058 2284; baseline -0.004 -18"><span class='ocrx_word' id='word_1_112' title='bbox 131 2205 213 2269; x_wconf 88' lang='lat' dir='ltr'><strong>ratis.</strong></span> <span class='ocrx_word' id='word_1_113' title='bbox 265 2204 365 2267; x_wconf 84' lang='lat' dir='ltr'><strong>D1cus.</strong></span> <span class='ocrx_word' id='word_1_114' title='bbox 389 2205 472 2266; x_wconf 76' lang='lat' dir='ltr'><strong>lose.</strong></span> <span class='ocrx_word' id='word_1_115' title='bbox 495 2203 541 2266; x_wconf 87' lang='lat' dir='ltr'><strong>lli.</strong></span> <span class='ocrx_word' id='word_1_116' title='bbox 565 2204 606 2265; x_wconf 93' lang='lat' dir='ltr'><strong>Pl.</strong></span> <span class='ocrx_word' id='word_1_117' title='bbox 631 2210 725 2284; x_wconf 75' lang='lat' dir='ltr'><strong>crypt.</strong></span> <span class='ocrx_word' id='word_1_118' title='bbox 749 2222 777 2284; x_wconf 93' lang='lat' dir='ltr'><strong>p.</strong></span> <span class='ocrx_word' id='word_1_119' title='bbox 803 2201 833 2278; x_wconf 88' lang='lat'><strong>5,</strong></span> <span class='ocrx_word' id='word_1_120' title='bbox 856 2208 877 2263; x_wconf 86' lang='lat' dir='ltr'><strong>t</strong></span> <span class='ocrx_word' id='word_1_121' title='bbox 900 2199 961 2279; x_wconf 86' lang='lat' dir='ltr'><strong>Vll,</strong></span> <span class='ocrx_word' id='word_1_122' title='bbox 986 2201 1005 2263; x_wconf 89' lang='lat' dir='ltr'><strong>l.</strong></span> <span class='ocrx_word' id='word_1_123' title='bbox 1028 2197 1058 2264; x_wconf 83' lang='lat'><strong>9.</strong></span> 
     </span>
    </p>

    <p class='ocr_par' dir='ltr' id='par_1_6' title="bbox 38 2304 1198 2495">
     <span class='ocr_line' id='line_1_18' title="bbox 38 2304 1198 2390; baseline 0 -22"><span class='ocrx_word' id='word_1_124' title='bbox 38 2307 246 2372; x_wconf 75' lang='lat' dir='ltr'><strong>inclamantem</strong></span> <span class='ocrx_word' id='word_1_125' title='bbox 269 2309 454 2390; x_wconf 75' lang='lat' dir='ltr'><strong>lleaifoliem</strong></span> <span class='ocrx_word' id='word_1_126' title='bbox 477 2309 572 2371; x_wconf 83' lang='lat' dir='ltr'><strong>Sarra.</strong></span> <span class='ocrx_word' id='word_1_127' title='bbox 601 2305 678 2372; x_wconf 82' lang='lat' dir='ltr'><strong>Flor.</strong></span> <span class='ocrx_word' id='word_1_128' title='bbox 709 2306 797 2386; x_wconf 82' lang='lat' dir='ltr'><strong>Brit,</strong></span> <span class='ocrx_word' id='word_1_129' title='bbox 826 2305 913 2389; x_wconf 79' lang='lat' dir='ltr'><strong>Engl.</strong></span> <span class='ocrx_word' id='word_1_130' title='bbox 936 2304 1002 2368; x_wconf 89' lang='lat' dir='ltr'><strong>But.</strong></span> <span class='ocrx_word' id='word_1_131' title='bbox 1046 2305 1132 2368; x_wconf 80' lang='lat' dir='ltr'><strong>Bam</strong></span> <span class='ocrx_word' id='word_1_132' title='bbox 1151 2307 1198 2369; x_wconf 87' lang='lat' dir='ltr'><strong>llr.</strong></span> 
     </span>
     <span class='ocr_line' id='line_1_19' title="bbox 132 2413 583 2495; baseline 0.002 -20"><span class='ocrx_word' id='word_1_133' title='bbox 132 2415 210 2476; x_wconf 84' lang='lat' dir='ltr'><strong>univ.</strong></span> <span class='ocrx_word' id='word_1_134' title='bbox 260 2414 293 2478; x_wconf 82' lang='lat' dir='ltr'><strong>C.</strong></span> <span class='ocrx_word' id='word_1_135' title='bbox 318 2413 432 2476; x_wconf 73' lang='lat' dir='ltr'><strong>mann</strong></span> <span class='ocrx_word' id='word_1_136' title='bbox 455 2413 583 2495; x_wconf 78' lang='lat' dir='ltr'><strong>Synops.</strong></span> 
     </span>
    </p>

    <p class='ocr_par' dir='ltr' id='par_1_7' title="bbox 36 2515 1198 2696">
     <span class='ocr_line' id='line_1_20' title="bbox 36 2515 1198 2600; baseline 0.001 -24"><span class='ocrx_word' id='word_1_137' title='bbox 36 2515 196 2596; x_wconf 80' lang='lat' dir='ltr'><strong>lilpnodnn</strong></span> <span class='ocrx_word' id='word_1_138' title='bbox 218 2518 352 2600; x_wconf 68' lang='lat' dir='ltr'><strong>pacisci.</strong></span> <span class='ocrx_word' id='word_1_139' title='bbox 377 2519 469 2580; x_wconf 86' lang='lat' dir='ltr'><strong>Hoou.</strong></span> <span class='ocrx_word' id='word_1_140' title='bbox 499 2525 531 2580; x_wconf 87' lang='lat' dir='ltr'><strong>ct</strong></span> <span class='ocrx_word' id='word_1_141' title='bbox 552 2517 636 2580; x_wconf 82' lang='lat' dir='ltr'><strong>Tum.</strong></span> <span class='ocrx_word' id='word_1_142' title='bbox 670 2516 761 2578; x_wconf 87' lang='lat' dir='ltr'><strong>llusc.</strong></span> <span class='ocrx_word' id='word_1_143' title='bbox 792 2515 863 2580; x_wconf 92' lang='lat' dir='ltr'><strong>Brit.</strong></span> <span class='ocrx_word' id='word_1_144' title='bbox 909 2516 1078 2597; x_wconf 66' lang='lat' dir='ltr'><strong>Scamnum,</strong></span> <span class='ocrx_word' id='word_1_145' title='bbox 1098 2516 1198 2600; x_wconf 89' lang='lat' dir='ltr'><strong>Suppl.</strong></span> 
     </span>
     <span class='ocr_line' id='line_1_21' title="bbox 131 2618 897 2696; baseline -0.005 -11"><span class='ocrx_word' id='word_1_146' title='bbox 131 2622 224 2686; x_wconf 82' lang='lat' dir='ltr'><strong>Bnucu</strong></span> <span class='ocrx_word' id='word_1_147' title='bbox 241 2631 274 2686; x_wconf 86' lang='lat' dir='ltr'><strong>et</strong></span> <span class='ocrx_word' id='word_1_148' title='bbox 292 2624 431 2686; x_wconf 84' lang='lat' dir='ltr'><strong>Senmesn</strong></span> <span class='ocrx_word' id='word_1_149' title='bbox 452 2622 500 2684; x_wconf 89' lang='lat' dir='ltr'><strong>Br.</strong></span> <span class='ocrx_word' id='word_1_150' title='bbox 525 2640 589 2686; x_wconf 85' lang='lat' dir='ltr'><strong>eur.</strong></span> <span class='ocrx_word' id='word_1_151' title='bbox 636 2621 728 2684; x_wconf 90' lang='lat' dir='ltr'><strong>Wns.</strong></span> <span class='ocrx_word' id='word_1_152' title='bbox 753 2619 802 2682; x_wconf 90' lang='lat' dir='ltr'><strong>Br.</strong></span> <span class='ocrx_word' id='word_1_153' title='bbox 826 2618 897 2696; x_wconf 79' lang='lat' dir='ltr'><strong>Brit.</strong></span> 
     </span>
    </p>

    <p class='ocr_par' dir='ltr' id='par_1_8' title="bbox 37 2723 811 2810">
     <span class='ocr_line' id='line_1_22' title="bbox 37 2723 811 2810; baseline 0.003 -26"><span class='ocrx_word' id='word_1_154' title='bbox 37 2723 242 2804; x_wconf 80' lang='lat' dir='ltr'><strong>leptndontinm</strong></span> <span class='ocrx_word' id='word_1_155' title='bbox 264 2727 449 2810; x_wconf 70' lang='lat' dir='ltr'><strong>fiwiscliom</strong></span> <span class='ocrx_word' id='word_1_156' title='bbox 471 2727 569 2789; x_wconf 80' lang='lat' dir='ltr'><strong>linum</strong></span> <span class='ocrx_word' id='word_1_157' title='bbox 591 2727 724 2790; x_wconf 73' lang='lat' dir='ltr'><strong>linnaea</strong></span> <span class='ocrx_word' id='word_1_158' title='bbox 748 2724 811 2787; x_wconf 89' lang='lat' dir='ltr'><strong>XX.</strong></span> 
     </span>
    </p>
   </div>
   <div class='ocr_carea' id='block_1_6' title="bbox 38 2847 1199 3773">
    <p class='ocr_par' dir='ltr' id='par_1_9' title="bbox 38 2847 1199 3668">
     <span class='ocr_line' id='line_1_23' title="bbox 98 2847 1197 2936; baseline 0.004 -26"><span class='ocrx_word' id='word_1_159' title='bbox 98 2850 190 2914; x_wconf 86' lang='lat' dir='ltr'><strong>liubit.</strong></span> <span class='ocrx_word' id='word_1_160' title='bbox 217 2851 296 2914; x_wconf 89' lang='lat' dir='ltr'><strong>locis</strong></span> <span class='ocrx_word' id='word_1_161' title='bbox 322 2848 463 2932; x_wconf 77' lang='lat' dir='ltr'><strong>lapidosis</strong></span> <span class='ocrx_word' id='word_1_162' title='bbox 488 2849 632 2912; x_wconf 90' lang='lat' dir='ltr'><strong>tcrl&#39;aceis</strong></span> <span class='ocrx_word' id='word_1_163' title='bbox 656 2847 783 2936; x_wconf 85' lang='lat' dir='ltr'><strong>exustis,</strong></span> <span class='ocrx_word' id='word_1_164' title='bbox 807 2864 941 2911; x_wconf 83' lang='lat' dir='ltr'><strong>necnon</strong></span> <span class='ocrx_word' id='word_1_165' title='bbox 964 2848 994 2910; x_wconf 91' lang='lat' dir='ltr'><strong>in</strong></span> <span class='ocrx_word' id='word_1_166' title='bbox 1018 2847 1107 2913; x_wconf 75' lang='lat' dir='ltr'><strong>tectis</strong></span> <span class='ocrx_word' id='word_1_167' title='bbox 1121 2857 1197 2914; x_wconf 87' lang='lat' dir='ltr'><strong>stra-</strong></span> 
     </span>
     <span class='ocr_line' id='line_1_24' title="bbox 38 2953 1198 3036; baseline 0.009 -28"><span class='ocrx_word' id='word_1_168' title='bbox 38 2954 130 3025; x_wconf 78' lang='lat' dir='ltr'><strong>ntneis,</strong></span> <span class='ocrx_word' id='word_1_169' title='bbox 160 2955 239 3017; x_wconf 87' lang='lat' dir='ltr'><strong>haud</strong></span> <span class='ocrx_word' id='word_1_170' title='bbox 270 2972 342 3018; x_wconf 85' lang='lat' dir='ltr'><strong>raro</strong></span> <span class='ocrx_word' id='word_1_171' title='bbox 374 2973 427 3036; x_wconf 84' lang='lat' dir='ltr'><strong>per</strong></span> <span class='ocrx_word' id='word_1_172' title='bbox 454 2953 652 3035; x_wconf 75' lang='lat' dir='ltr'><strong>Britanniam,</strong></span> <span class='ocrx_word' id='word_1_173' title='bbox 682 2954 839 3015; x_wconf 88' lang='lat' dir='ltr'><strong>rarissime</strong></span> <span class='ocrx_word' id='word_1_174' title='bbox 866 2953 898 3015; x_wconf 90' lang='lat' dir='ltr'><strong>in</strong></span> <span class='ocrx_word' id='word_1_175' title='bbox 930 2959 1012 3016; x_wconf 88' lang='lat' dir='ltr'><strong>terra</strong></span> <span class='ocrx_word' id='word_1_176' title='bbox 1040 2956 1198 3018; x_wconf 86' lang='lat' dir='ltr'><strong>continen-</strong></span> 
     </span>
     <span class='ocr_line' id='line_1_25' title="bbox 38 3055 1199 3142; baseline 0 -20"><span class='ocrx_word' id='word_1_177' title='bbox 38 3055 81 3114; x_wconf 84' lang='lat' dir='ltr'><strong>lli:</strong></span> <span class='ocrx_word' id='word_1_178' title='bbox 101 3062 217 3141; x_wconf 88' lang='lat' dir='ltr'><strong>copiose</strong></span> <span class='ocrx_word' id='word_1_179' title='bbox 243 3063 275 3123; x_wconf 94' lang='lat' dir='ltr'><strong>in</strong></span> <span class='ocrx_word' id='word_1_180' title='bbox 298 3060 423 3123; x_wconf 89' lang='lat' dir='ltr'><strong>turiosis</strong></span> <span class='ocrx_word' id='word_1_181' title='bbox 445 3078 539 3142; x_wconf 87' lang='lat' dir='ltr'><strong>prope</strong></span> <span class='ocrx_word' id='word_1_182' title='bbox 563 3059 689 3122; x_wconf 80' lang='lat' dir='ltr'><strong>Baeton</strong></span> <span class='ocrx_word' id='word_1_183' title='bbox 711 3076 819 3121; x_wconf 89' lang='lat' dir='ltr'><strong>versus</strong></span> <span class='ocrx_word' id='word_1_184' title='bbox 843 3059 1051 3139; x_wconf 71' lang='lat' dir='ltr'><strong>manchester,</strong></span> <span class='ocrx_word' id='word_1_185' title='bbox 1080 3060 1110 3121; x_wconf 93' lang='lat' dir='ltr'><strong>in</strong></span> <span class='ocrx_word' id='word_1_186' title='bbox 1135 3059 1199 3122; x_wconf 86' lang='lat' dir='ltr'><strong>Ben</strong></span> 
     </span>
     <span class='ocr_line' id='line_1_26' title="bbox 40 3157 1199 3246; baseline 0.002 -20"><span class='ocrx_word' id='word_1_187' title='bbox 40 3157 89 3220; x_wconf 67' lang='lat' dir='ltr'><strong>leli</strong></span> <span class='ocrx_word' id='word_1_188' title='bbox 107 3171 132 3226; x_wconf 87' lang='lat' dir='ltr'><strong>el</strong></span> <span class='ocrx_word' id='word_1_189' title='bbox 159 3167 188 3228; x_wconf 92' lang='lat' dir='ltr'><strong>in</strong></span> <span class='ocrx_word' id='word_1_190' title='bbox 214 3166 369 3228; x_wconf 76' lang='lat' dir='ltr'><strong>annalibus</strong></span> <span class='ocrx_word' id='word_1_191' title='bbox 397 3165 523 3244; x_wconf 83' lang='lat' dir='ltr'><strong>vicinia,</strong></span> <span class='ocrx_word' id='word_1_192' title='bbox 557 3165 726 3246; x_wconf 72' lang='lat' dir='ltr'><strong>completam</strong></span> <span class='ocrx_word' id='word_1_193' title='bbox 755 3164 855 3226; x_wconf 80' lang='lat' dir='ltr'><strong>Claud</strong></span> <span class='ocrx_word' id='word_1_194' title='bbox 886 3170 917 3225; x_wconf 84' lang='lat' dir='ltr'><strong>et</strong></span> <span class='ocrx_word' id='word_1_195' title='bbox 938 3162 1083 3244; x_wconf 74' lang='lat' dir='ltr'><strong>Amotep</strong></span> <span class='ocrx_word' id='word_1_196' title='bbox 1111 3163 1199 3245; x_wconf 76' lang='lat' dir='ltr'><strong>Eripe</strong></span> 
     </span>
     <span class='ocr_line' id='line_1_27' title="bbox 41 3268 1195 3353; baseline 0.005 -25"><span class='ocrx_word' id='word_1_197' title='bbox 41 3269 105 3328; x_wconf 74' lang='lat' dir='ltr'><strong>anit.</strong></span> <span class='ocrx_word' id='word_1_198' title='bbox 128 3271 272 3334; x_wconf 78' lang='lat' dir='ltr'><strong>Clesiire</strong></span> <span class='ocrx_word' id='word_1_199' title='bbox 295 3277 366 3349; x_wconf 80' lang='lat' dir='ltr'><strong>etc,</strong></span> <span class='ocrx_word' id='word_1_200' title='bbox 389 3289 483 3352; x_wconf 87' lang='lat' dir='ltr'><strong>prope</strong></span> <span class='ocrx_word' id='word_1_201' title='bbox 499 3270 763 3353; x_wconf 80' lang='lat' dir='ltr'><strong>Blanltenburgum</strong></span> <span class='ocrx_word' id='word_1_202' title='bbox 780 3268 951 3350; x_wconf 75' lang='lat' dir='ltr'><strong>Hercyniae</strong></span> <span class='ocrx_word' id='word_1_203' title='bbox 974 3269 1005 3331; x_wconf 92' lang='lat' dir='ltr'><strong>in</strong></span> <span class='ocrx_word' id='word_1_204' title='bbox 1028 3275 1110 3332; x_wconf 88' lang='lat' dir='ltr'><strong>terra</strong></span> <span class='ocrx_word' id='word_1_205' title='bbox 1127 3289 1195 3334; x_wconf 88' lang='lat' dir='ltr'><strong>are-</strong></span> 
     </span>
     <span class='ocr_line' id='line_1_28' title="bbox 43 3371 1197 3456; baseline 0.009 -28"><span class='ocrx_word' id='word_1_206' title='bbox 43 3381 89 3430; x_wconf 74' lang='lat' dir='ltr'><strong>ana</strong></span> <span class='ocrx_word' id='word_1_207' title='bbox 107 3374 157 3435; x_wconf 86' lang='lat' dir='ltr'><strong>sub</strong></span> <span class='ocrx_word' id='word_1_208' title='bbox 189 3375 352 3438; x_wconf 79' lang='lat' dir='ltr'><strong>fruticibus</strong></span> <span class='ocrx_word' id='word_1_209' title='bbox 385 3376 529 3454; x_wconf 61' lang='lat' dir='ltr'><strong>(liuueulp</strong></span> <span class='ocrx_word' id='word_1_210' title='bbox 560 3375 695 3437; x_wconf 83' lang='lat' dir='ltr'><strong>sterilem</strong></span> <span class='ocrx_word' id='word_1_211' title='bbox 718 3374 834 3456; x_wconf 87' lang='lat' dir='ltr'><strong>reperit</strong></span> <span class='ocrx_word' id='word_1_212' title='bbox 862 3371 1008 3436; x_wconf 85' lang='lat' dir='ltr'><strong>Bruchius</strong></span> <span class='ocrx_word' id='word_1_213' title='bbox 1036 3374 1066 3437; x_wconf 92' lang='lat' dir='ltr'><strong>in</strong></span> <span class='ocrx_word' id='word_1_214' title='bbox 1091 3373 1197 3440; x_wconf 79' lang='lat' dir='ltr'><strong>limais</strong></span> 
     </span>
     <span class='ocr_line' id='line_1_29' title="bbox 43 3463 1197 3564; baseline 0.006 -28"><span class='ocrx_word' id='word_1_215' title='bbox 43 3479 160 3552; x_wconf 71' lang='lat' dir='ltr'><strong>metiore</strong></span> <span class='ocrx_word' id='word_1_216' title='bbox 184 3488 214 3541; x_wconf 84' lang='lat' dir='ltr'><strong>et</strong></span> <span class='ocrx_word' id='word_1_217' title='bbox 239 3498 300 3564; x_wconf 82' lang='lat' dir='ltr'><strong>ego</strong></span> <span class='ocrx_word' id='word_1_218' title='bbox 324 3483 389 3562; x_wconf 84' lang='lat' dir='ltr'><strong>ipse</strong></span> <span class='ocrx_word' id='word_1_219' title='bbox 413 3463 443 3542; x_wconf 91' lang='lat' dir='ltr'><strong>in</strong></span> <span class='ocrx_word' id='word_1_220' title='bbox 466 3499 502 3542; x_wconf 92' lang='lat' dir='ltr'><strong>m.</strong></span> <span class='ocrx_word' id='word_1_221' title='bbox 528 3481 659 3544; x_wconf 81' lang='lat' dir='ltr'><strong>Grintael</strong></span> <span class='ocrx_word' id='word_1_222' title='bbox 680 3479 730 3540; x_wconf 91' lang='lat' dir='ltr'><strong>ubi</strong></span> <span class='ocrx_word' id='word_1_223' title='bbox 753 3478 790 3540; x_wconf 90' lang='lat' dir='ltr'><strong>ad</strong></span> <span class='ocrx_word' id='word_1_224' title='bbox 813 3495 906 3560; x_wconf 83' lang='lat' dir='ltr'><strong>rupes</strong></span> <span class='ocrx_word' id='word_1_225' title='bbox 929 3477 1062 3542; x_wconf 85' lang='lat' dir='ltr'><strong>madidas</strong></span> <span class='ocrx_word' id='word_1_226' title='bbox 1078 3483 1197 3564; x_wconf 78' lang='lat' dir='ltr'><strong>magnis</strong></span> 
     </span>
     <span class='ocr_line' id='line_1_30' title="bbox 39 3567 614 3668; baseline 0.005 -27"><span class='ocrx_word' id='word_1_227' title='bbox 39 3583 182 3662; x_wconf 72' lang='lat' dir='ltr'><strong>cespitibus</strong></span> <span class='ocrx_word' id='word_1_228' title='bbox 210 3567 447 3648; x_wconf 84' lang='lat' dir='ltr'><strong>2-3-unclalis</strong></span> <span class='ocrx_word' id='word_1_229' title='bbox 469 3587 614 3668; x_wconf 85' lang='lat' dir='ltr'><strong>provenit.</strong></span> 
     </span>
    </p>

    <p class='ocr_par' dir='ltr' id='par_1_10' title="bbox 100 3689 554 3773">
     <span class='ocr_line' id='line_1_31' title="bbox 100 3689 554 3773; baseline 0.013 -27"><span class='ocrx_word' id='word_1_230' title='bbox 100 3689 189 3752; x_wconf 80' lang='lat' dir='ltr'><strong>Fruct.</strong></span> <span class='ocrx_word' id='word_1_231' title='bbox 213 3699 328 3754; x_wconf 81' lang='lat' dir='ltr'><strong>muter.</strong></span> <span class='ocrx_word' id='word_1_232' title='bbox 352 3692 448 3773; x_wconf 90' lang='lat' dir='ltr'><strong>primo</strong></span> <span class='ocrx_word' id='word_1_233' title='bbox 472 3709 554 3753; x_wconf 79' lang='lat' dir='ltr'><strong>aare.</strong></span> 
     </span>
    </p>
   </div>
   <div class='ocr_carea' id='block_1_7' title="bbox 40 3807 1272 4492">
    <p class='ocr_par' dir='ltr' id='par_1_11' title="bbox 40 3807 1272 4148">
     <span class='ocr_line' id='line_1_32' title="bbox 88 3807 1195 3882; baseline 0.011 -26"><span class='ocrx_word' id='word_1_234' title='bbox 88 3807 175 3864; x_wconf 77' lang='lat' dir='ltr'><strong>Plantae</strong></span> <span class='ocrx_word' id='word_1_235' title='bbox 200 3813 303 3867; x_wconf 80' lang='lat' dir='ltr'><strong>lentiles</strong></span> <span class='ocrx_word' id='word_1_236' title='bbox 328 3814 440 3866; x_wconf 75' lang='lat' dir='ltr'><strong>tenellae</strong></span> <span class='ocrx_word' id='word_1_237' title='bbox 464 3814 573 3866; x_wconf 85' lang='lat' dir='ltr'><strong>humiles</strong></span> <span class='ocrx_word' id='word_1_238' title='bbox 598 3830 655 3866; x_wconf 86' lang='lat' dir='ltr'><strong>raro</strong></span> <span class='ocrx_word' id='word_1_239' title='bbox 683 3811 875 3880; x_wconf 82' lang='lat' dir='ltr'><strong>semiuncialca,</strong></span> <span class='ocrx_word' id='word_1_240' title='bbox 904 3811 1005 3864; x_wconf 82' lang='lat' dir='ltr'><strong>steriles</strong></span> <span class='ocrx_word' id='word_1_241' title='bbox 1030 3811 1195 3882; x_wconf 82' lang='lat' dir='ltr'><strong>robustiores,</strong></span> 
     </span>
     <span class='ocr_line' id='line_1_33' title="bbox 41 3891 1195 3970; baseline 0.016 -31"><span class='ocrx_word' id='word_1_242' title='bbox 41 3891 114 3946; x_wconf 74' lang='lat' dir='ltr'><strong>altiores</strong></span> <span class='ocrx_word' id='word_1_243' title='bbox 130 3903 225 3968; x_wconf 81' lang='lat' dir='ltr'><strong>saepius</strong></span> <span class='ocrx_word' id='word_1_244' title='bbox 248 3902 320 3954; x_wconf 81' lang='grc'><strong>2-3</strong></span> <span class='ocrx_word' id='word_1_245' title='bbox 340 3904 428 3956; x_wconf 87' lang='lat' dir='ltr'><strong>uncias</strong></span> <span class='ocrx_word' id='word_1_246' title='bbox 447 3905 609 3970; x_wconf 82' lang='lat' dir='ltr'><strong>attingentes.</strong></span> <span class='ocrx_word' id='word_1_247' title='bbox 641 3899 714 3953; x_wconf 84' lang='lat' dir='ltr'><strong>Folia</strong></span> <span class='ocrx_word' id='word_1_248' title='bbox 733 3899 822 3953; x_wconf 89' lang='lat' dir='ltr'><strong>latiora</strong></span> <span class='ocrx_word' id='word_1_249' title='bbox 835 3915 911 3968; x_wconf 87' lang='lat' dir='ltr'><strong>quarn</strong></span> <span class='ocrx_word' id='word_1_250' title='bbox 929 3900 955 3950; x_wconf 88' lang='lat' dir='ltr'><strong>in</strong></span> <span class='ocrx_word' id='word_1_251' title='bbox 972 3899 1111 3967; x_wconf 75' lang='lat' dir='ltr'><strong>specialius</strong></span> <span class='ocrx_word' id='word_1_252' title='bbox 1123 3919 1195 3970; x_wconf 82' lang='lat' dir='ltr'><strong>prae·</strong></span> 
     </span>
     <span class='ocr_line' id='line_1_34' title="bbox 40 3981 1195 4058; baseline 0.01 -26"><span class='ocrx_word' id='word_1_253' title='bbox 40 3981 120 4048; x_wconf 54' lang='lat' dir='ltr'><strong>armat„</strong></span> <span class='ocrx_word' id='word_1_254' title='bbox 136 3991 203 4055; x_wconf 82' lang='lat' dir='ltr'><strong>apice</strong></span> <span class='ocrx_word' id='word_1_255' title='bbox 222 3993 307 4058; x_wconf 76' lang='lat' dir='ltr'><strong>magis</strong></span> <span class='ocrx_word' id='word_1_256' title='bbox 326 3991 437 4056; x_wconf 79' lang='lat' dir='ltr'><strong>dentata,</strong></span> <span class='ocrx_word' id='word_1_257' title='bbox 458 3989 562 4058; x_wconf 86' lang='lat' dir='ltr'><strong>capsula</strong></span> <span class='ocrx_word' id='word_1_258' title='bbox 582 3988 688 4054; x_wconf 74' lang='lat' dir='ltr'><strong>tenella,</strong></span> <span class='ocrx_word' id='word_1_259' title='bbox 709 3987 866 4054; x_wconf 86' lang='lat' dir='ltr'><strong>mollissima,</strong></span> <span class='ocrx_word' id='word_1_260' title='bbox 884 3988 998 4053; x_wconf 82' lang='lat' dir='ltr'><strong>speciem</strong></span> <span class='ocrx_word' id='word_1_261' title='bbox 1010 3997 1121 4041; x_wconf 80' lang='lat' dir='ltr'><strong>nostram</strong></span> <span class='ocrx_word' id='word_1_262' title='bbox 1134 3992 1195 4044; x_wconf 82' lang='lat' dir='ltr'><strong>satis</strong></span> 
     </span>
     <span class='ocr_line' id='line_1_35' title="bbox 43 4063 1272 4148; baseline 0.007 -24"><span class='ocrx_word' id='word_1_263' title='bbox 43 4083 137 4138; x_wconf 67' lang='lat' dir='ltr'><strong>lltotque</strong></span> <span class='ocrx_word' id='word_1_264' title='bbox 153 4077 315 4148; x_wconf 75' lang='lat' dir='ltr'><strong>distinguunt.</strong></span> <span class='ocrx_word' id='word_1_265' title='bbox 1269 4063 1272 4066; x_wconf 30' lang='lat'>¹</span> 
     </span>
    </p>

    <p class='ocr_par' dir='ltr' id='par_1_12' title="bbox 45 4153 1196 4302">
     <span class='ocr_line' id='line_1_36' title="bbox 89 4153 1196 4234; baseline 0.009 -24"><span class='ocrx_word' id='word_1_266' title='bbox 89 4153 303 4228; x_wconf 70' lang='lat' dir='ltr'><strong>templariorum</strong></span> <span class='ocrx_word' id='word_1_267' title='bbox 330 4163 456 4234; x_wconf 84' lang='lat' dir='ltr'><strong>sterilium</strong></span> <span class='ocrx_word' id='word_1_268' title='bbox 475 4165 577 4230; x_wconf 76' lang='lat' dir='ltr'><strong>saepius</strong></span> <span class='ocrx_word' id='word_1_269' title='bbox 600 4164 754 4230; x_wconf 80' lang='lat' dir='ltr'><strong>gemmipara</strong></span> <span class='ocrx_word' id='word_1_270' title='bbox 778 4163 939 4230; x_wconf 80' lang='lat' dir='ltr'><strong>reperiuntur</strong></span> <span class='ocrx_word' id='word_1_271' title='bbox 962 4171 990 4214; x_wconf 89' lang='lat' dir='ltr'><strong>ut</strong></span> <span class='ocrx_word' id='word_1_272' title='bbox 1012 4162 1038 4216; x_wconf 86' lang='lat' dir='ltr'><strong>in</strong></span> <span class='ocrx_word' id='word_1_273' title='bbox 1058 4163 1196 4220; x_wconf 78' lang='lat' dir='ltr'><strong>vtetrtem</strong></span> 
     </span>
     <span class='ocr_line' id='line_1_37' title="bbox 45 4241 169 4302; baseline 0.065 -16"><span class='ocrx_word' id='word_1_274' title='bbox 45 4241 169 4302; x_wconf 73' lang='lat' dir='ltr'><strong>ulyllenilto.</strong></span> 
     </span>
    </p>

    <p class='ocr_par' dir='ltr' id='par_1_13' title="bbox 47 4333 1193 4492">
     <span class='ocr_line' id='line_1_38' title="bbox 93 4333 1193 4406; baseline 0.014 -29"><span class='ocrx_word' id='word_1_275' title='bbox 93 4333 244 4389; x_wconf 73' lang='lat' dir='ltr'><strong>imicissimus</strong></span> <span class='ocrx_word' id='word_1_276' title='bbox 269 4339 354 4389; x_wconf 77' lang='lat' dir='ltr'><strong>llum</strong></span> <span class='ocrx_word' id='word_1_277' title='bbox 375 4353 456 4406; x_wconf 79' lang='lat' dir='ltr'><strong>genus</strong></span> <span class='ocrx_word' id='word_1_278' title='bbox 485 4338 688 4404; x_wconf 73' lang='lat' dir='ltr'><strong>tcptodontium</strong></span> <span class='ocrx_word' id='word_1_279' title='bbox 716 4338 740 4390; x_wconf 92' lang='lat' dir='ltr'><strong>in</strong></span> <span class='ocrx_word' id='word_1_280' title='bbox 767 4341 830 4392; x_wconf 86' lang='lat' dir='ltr'><strong>hanc</strong></span> <span class='ocrx_word' id='word_1_281' title='bbox 855 4339 967 4406; x_wconf 85' lang='lat' dir='ltr'><strong>speciem</strong></span> <span class='ocrx_word' id='word_1_282' title='bbox 995 4339 1122 4406; x_wconf 84' lang='lat' dir='ltr'><strong>condidit,</strong></span> <span class='ocrx_word' id='word_1_283' title='bbox 1153 4341 1193 4392; x_wconf 89' lang='lat' dir='ltr'><strong>cui</strong></span> 
     </span>
     <span class='ocr_line' id='line_1_39' title="bbox 47 4413 862 4492; baseline 0.018 -31"><span class='ocrx_word' id='word_1_284' title='bbox 47 4413 107 4465; x_wconf 77' lang='lat' dir='ltr'><strong>nllus</strong></span> <span class='ocrx_word' id='word_1_285' title='bbox 122 4425 222 4476; x_wconf 75' lang='lat' dir='ltr'><strong>nimicae</strong></span> <span class='ocrx_word' id='word_1_286' title='bbox 242 4429 345 4492; x_wconf 81' lang='lat' dir='ltr'><strong>propius</strong></span> <span class='ocrx_word' id='word_1_287' title='bbox 365 4425 508 4490; x_wconf 81' lang='lat' dir='ltr'><strong>aceeduut3</strong></span> <span class='ocrx_word' id='word_1_288' title='bbox 529 4427 614 4477; x_wconf 82' lang='lat' dir='ltr'><strong>loreaa</strong></span> <span class='ocrx_word' id='word_1_289' title='bbox 630 4425 696 4478; x_wconf 87' lang='lat' dir='ltr'><strong>hand</strong></span> <span class='ocrx_word' id='word_1_290' title='bbox 715 4427 770 4478; x_wconf 87' lang='lat' dir='ltr'><strong>sine</strong></span> <span class='ocrx_word' id='word_1_291' title='bbox 786 4425 862 4490; x_wconf 85' lang='lat' dir='ltr'><strong>juro!</strong></span> 
     </span>
    </p>
   </div>
   <div class='ocr_carea' id='block_1_8' title="bbox 0 0 1587 5364">
    <p class='ocr_par' dir='ltr' id='par_1_14' title="bbox 0 0 1587 5364">
     <span class='ocr_line' id='line_1_40' title="bbox 0 0 1587 5364; baseline 0 0"><span class='ocrx_word' id='word_1_292' title='bbox 0 0 1587 5364; x_wconf 95' lang='lat' dir='ltr'><strong> </strong></span> 
     </span>
    </p>
   </div>
  </div>
 </body>
</html>
