3140 5372
497 381 660 451 llypnacere.

318 555 393 619 Gen.
423 555 469 618 ll.
514 555 830 620 runelouuucluu.

444 693 531 746 Senem
550 691 636 762 Bryol.
656 709 711 748 eur.

69 816 189 880 Plantae
213 815 261 878 vel
284 821 346 878 tota
370 815 558 898 longitudine
582 823 751 899 prostratae
774 816 821 880 vel
841 817 948 900 parlim
966 818 1179 900 ascendentes,

5 939 56 1004 age
83 937 221 984 ramosae
245 927 276 982 et
298 921 480 998 ramulosac,
506 921 713 1002 stoloniierae,
738 920 921 1002 radicantes,
946 923 1108 986 minutulae
1132 923 1180 986 vel

5 1027 187 1107 iroceriores,
212 1026 329 1090 molles.
374 1026 456 1090 Folia
478 1027 680 1109 complanata,
712 1027 886 1091 lateralibus
910 1027 1099 1110 patentibus,
1131 1026 1180 1091 vel

5 1129 188 1212 obsecunda,
220 1138 328 1195 ovato·
352 1138 383 1194 et
406 1130 743 1214 oblongo-lanceolata,
775 1131 895 1216 longius
918 1131 1081 1194 breviasse
1103 1151 1179 1195 aeu-

5 1235 94 1311 ninata‚
119 1237 257 1318 margine
283 1237 402 1319 integra
426 1235 524 1298 rarius
542 1236 679 1299 obsolete
695 1242 823 1314 serrata,
840 1236 953 1315 tenuia,
972 1234 1074 1318 nitida,
1094 1243 1179 1300 costa

5 1337 56 1401 lulla
77 1338 124 1401 vel
147 1339 234 1402 brevi
257 1337 390 1423 gemella
413 1339 608 1418 tenuissima,
640 1339 697 1402 reti
729 1340 869 1421 pertenui
893 1339 1010 1404 areolas
1033 1340 1125 1425 longe
1148 1349 1179 1405 et

6 1451 104 1526 uguste
128 1442 520 1528 rhomboideo·lrenagonas
536 1444 601 1508 basi
617 1443 741 1507 latiores
758 1445 894 1526 granulis
909 1443 1178 1527 chloroplryllaeeis

5 1548 89 1626 narsis
128 1547 320 1609 virescentes
349 1545 539 1610 efformante.
585 1548 691 1612 Floras
723 1549 852 1612 monolci
885 1557 916 1612 et
947 1549 1044 1612 dioici.
1075 1550 1178 1612 ·Pari-

6 1649 127 1714 laelium
154 1650 359 1734 subvaginans
390 1651 418 1712 in
448 1650 563 1713 ramulo
594 1651 679 1715 brevi
708 1649 871 1716 radicante.
918 1653 1062 1736 Vaginula
1086 1652 1175 1717 nuda.

5 1753 116 1836 lalpptra
142 1763 344 1839 perangusta,
369 1755 571 1839 fugacissimo.
617 1754 744 1838 Capsula
767 1757 798 1818 in
821 1755 970 1839 pedioello
991 1757 1069 1820 laevi
1091 1756 1176 1820 tenui

4 1859 109 1922 iccitate
135 1877 269 1941 superne
292 1860 501 1925 sinistrorsum
526 1859 646 1922 interne
669 1860 861 1924 dextrorsum
884 1869 965 1926 torto
980 1863 1046 1944 plus
1063 1862 1175 1924 minus·

5 1981 35 2024 ue
56 1964 210 2046 obliquata
233 1963 328 2038 (anda
359 1981 469 2027 nomen
498 1967 640 2044 πλαγιος,
664 1965 817 2047 obliquus)
840 1966 889 2028 vel
911 1965 1175 2046 subloriaontalis,

5 2067 68 2130 ralis
91 2069 225 2152 oblonga
254 2075 285 2130 et
314 2069 453 2152 elongata
485 2069 665 2131 subincurva
695 2075 727 2131 et
754 2069 950 2150 subareaata,
982 2069 1060 2132 eollo
1081 2069 1176 2138 ¹breui

5 2181 132 2254 retracta,
160 2171 358 2254 leploderma,
381 2173 474 2236 laevis
491 2172 539 2236 uel
562 2173 677 2236 striata.
709 2173 890 2255 Opcrculnm
908 2192 926 2236 e
941 2173 1007 2238 basi
1024 2191 1176 2238 convexo·

5 2279 78 2342 unica
95 2278 222 2341 brevius
238 2277 397 2360 longiusve
413 2285 587 2340 rostratam.
622 2277 759 2341 Annulns
777 2278 904 2360 simplex
918 2277 966 2342 vel
982 2277 1175 2360 compositus.

5 2383 144 2446 eristomii
168 2381 268 2463 pallidi
291 2380 400 2444 dentes
422 2383 569 2460 remotius
593 2381 779 2464 densiusque
795 2383 955 2462 articulati,
979 2383 1060 2446 intus
1075 2383 1175 2444 trabe-

5 2485 60 2548 uloti
84 2485 135 2548 vel
163 2493 292 2569 anguste
316 2485 468 2566 lamellati,
494 2486 606 2548 interni
629 2503 793 2568 processus
817 2504 834 2548 a
858 2487 1031 2549 membrana
1054 2486 1175 2549 basilari

5 2593 153 2672 agnatione
177 2591 225 2655 vel
249 2589 355 2654 latiore
377 2590 505 2672 perlecti
529 2589 651 2674 integri,
676 2588 783 2652 ciliolis
807 2590 992 2672 interpositis
1013 2591 1102 2654 nullis
1126 2589 1173 2653 vel

6 2696 113 2758 enuibus
158 2693 443 2777 exappendiculutis.
489 2694 603 2776 Sporae
642 2695 767 2757 virides.
821 2694 969 2759 llabitatio
1006 2697 1174 2774 terrestris,

6 2801 120 2878 rpestris
158 2806 188 2860 et
218 2796 256 2861 ad
284 2806 408 2862 truncus
439 2797 573 2879 putridos
611 2799 641 2862 in
671 2799 798 2883 regione
829 2807 969 2863 montana
999 2808 1030 2862 et
1066 2800 1174 2882 alpina,

6 2903 129 2966 unissime
156 2904 188 2967 in
211 2903 383 2984 campestri.

60 3008 181 3072 hasdeu
203 3015 273 3089 (pro
296 3014 396 3089 parte)
419 3012 452 3070 el
472 3005 616 3087 Hypoum
639 3023 719 3072 omn.
742 3012 907 3070 auctorum.

21 3237 95 3297 Sect.
122 3235 148 3296 1.
195 3232 450 3296 Peristomii
478 3232 621 3294 denica
654 3235 855 3295 remotius
884 3235 1120 3312 articulati,

426 3336 577 3399 ciliolo
600 3336 725 3399 oolla.

417 3491 449 3544 Α.
484 3489 601 3544 Floras
623 3491 737 3544 diolci.

327 3629 351 3697 l.
380 3629 612 3710 Plrglotleclun
634 3629 821 3697 lumbricola.

280 3771 381 3824 liculnea
399 3771 476 3825 lateb.
496 3773 574 3824 wius.
592 3782 634 3824 mt.
654 3779 681 3824 el
698 3770 785 3840 Bryol.
804 3769 867 3822 Brit.

62 3894 258 3974 ldinutulum,
282 3894 440 3973 tenellum,
465 3893 591 3959 densius
614 3893 864 3975 caespitulosum,
896 3891 974 3954 laete
996 3891 1172 3958 latescenti-

9 3996 80 4058 ride.
126 3997 229 4060 Gaude
253 3995 457 4060 semiuncialis
480 3999 637 4078 pertenuis
661 3995 831 4060 ascendens
846 4011 997 4075 ramosus,
1020 3997 1170 4064 radiosus.

9 4099 55 4162 ulia
78 4103 146 4166 laxe
169 4101 355 4184 complanata
372 4101 419 4165 vel
435 4102 637 4182 subsecanda,
662 4101 923 4182 erecto-patentia,
947 4101 1172 4166 orato-lanceo-

10 4211 45 4282 ta,
68 4205 160 4290 longe
184 4212 217 4268 et
238 4213 326 4270 acute
350 4207 532 4287 acuminata,
556 4206 765 4286 decurrentia,
788 4205 1001 4289 integerrima,
1025 4213 1170 4286 ecoctam,

10 4311 42 4369 isi
66 4309 132 4372 laxe
156 4317 250 4390 texta,
274 4311 463 4375 nitidissima.
507 4311 607 4375 Planta
631 4311 761 4376 mascula
786 4310 915 4373 leminea
936 4311 1067 4390 tenuior,
1092 4311 1171 4392 peri-

10 4413 78 4474 uriis
101 4415 303 4498 oligcphyllis,
327 4414 503 4478 antheridiis
527 4416 648 4479 minutis
674 4413 909 4496 eparaplrysatis.
955 4413 1172 4478 Pericliaetiuru

10 4535 120 4598 ngum,
143 4520 363 4605 polyphyllum,
396 4519 617 4604 subreginans,
649 4519 727 4582 loliis
751 4517 877 4581 internis
902 4517 1050 4600 elongatis
1073 4519 1169 4582 tenui·
