3238 5352
549 411 713 465 introductio.
1164 409 1229 464 bxv

72 587 196 648 ltirsodon
216 585 467 667 neomeniam,
493 586 679 650 summitates
703 583 803 650 ventis
827 585 993 668 flagellatus
1016 603 1128 669 pascua
1151 588 1231 650 sicea

69 689 174 752 lerentas
197 691 403 772 l'etrupludon
425 693 598 772 aroelutus,
621 692 791 770 tnnioides,
814 691 973 755 Dissodon
995 691 1231 768 Hornsebaebr'i,

70 794 143 857 θηω
161 795 326 876 Martiana,
351 795 560 876 Polptrielrmn
580 795 739 877 piliserem
760 813 827 857 our.
852 795 989 877 Hoppei,
1018 797 1232 878 juniperinrtm

71 920 89 961 r.
99 901 197 973 sienim
210 915 301 981 rupes
317 899 528 962 sterilissima
543 907 575 962 et
590 899 674 982 ipsae
691 898 788 962 moles
804 898 960 983 glaciebns
971 908 1146 981 proventae,
1163 919 1231 964 oum

71 1007 200 1086 punitione
223 1006 291 1084 sint,
317 1003 422 1066 sedem
447 1005 588 1067 miseram
610 1004 760 1086 praebent
784 1003 913 1068 Weisiue
935 1005 1100 1086 empulae,
1126 1005 1232 1068 Grim-

70 1109 324 1193 messltnmianae
346 1117 378 1172 et
401 1111 540 1191 adposui,
565 1109 732 1172 Andrueae
755 1109 884 1189 elperini
900 1115 930 1170 et
942 1109 1147 1190 patrophilus,
1164 1126 1231 1172 oum

68 1213 206 1293 adurere,
242 1213 348 1276 lormis
373 1213 584 1296 depauperatis
609 1213 777 1276 Gmrnmiue
799 1231 981 1293 opoourpue
1002 1220 1034 1275 et
1056 1215 1233 1294 consertum

73 1317 155 1380 lasa
176 1323 347 1398 compacto,
373 1319 522 1381 Grimmiu
542 1317 676 1397 sumata,
701 1317 820 1380 Arctoo
833 1318 963 1398 [alnella
979 1324 1035 1382 etc.
1059 1317 1091 1380 in
1114 1319 1231 1400 rupium

66 1429 89 1482 et
105 1439 227 1486 surorum
250 1421 372 1485 fissuris
395 1421 523 1485 madidis
547 1421 736 1505 proveniunt.

129 1527 310 1611 llrpositioni
333 1528 472 1610 generali
495 1527 533 1590 de
557 1543 730 1590 muscorum
761 1545 817 1608 per
837 1526 986 1609 Europam
1020 1525 1231 1591 distributione

72 1633 174 1697 unirena
188 1631 359 1695 seeundum
376 1650 470 1696 zonas
486 1640 574 1716 atque
588 1631 750 1695 altitudinis
762 1631 918 1714 regiones,
936 1631 1072 1714 exempla
1085 1631 1229 1695 nunnulla

76 1733 102 1796 de
117 1755 196 1799 eorum
220 1737 423 1818 dispositione
446 1735 533 1800 loeali
555 1736 674 1820 adJ'ioio.
706 1735 841 1799 Florulas
866 1735 963 1820 selegi
986 1755 1004 1798 e
1027 1737 1113 1800 zonis
1130 1737 1228 1800 tribus

74 1859 133 1902 rm
148 1843 286 1904 institutis
310 1848 400 1923 atque
424 1859 442 1904 e
465 1841 597 1906 diversis
620 1839 785 1904 altitudinis
807 1841 993 1926 regionibus.

558 2104 629 2186 cup.
660 2101 704 2172 tl.

313 2246 488 2318 Florulae
517 2245 722 2318 nonnullae
749 2244 950 2339 spediales.

219 2405 245 2466 ς
266 2403 288 2456 1.
316 2402 466 2454 morulae
484 2401 637 2466 speciales
655 2371 754 2454 ronne
772 2401 1040 2464 septentrionalis.

345 2525 367 2588 l.
398 2525 503 2588 Facies
525 2525 702 2610 orpoiagtca
725 2525 907 2610 bopponiae.

474 2663 570 2726 <Sonus
590 2663 789 2726 wantsumu.)

122 2783 374 2869 Wublenbergius
397 2787 427 2848 in
450 2787 546 2850 Flora
567 2805 622 2850 soa
652 2789 819 2870 tupponicu
847 2775 891 2849 'de
921 2785 1022 2850 indole
1056 2803 1230 2850 musoorum

58 2879 124 2965 hujus
143 2891 278 2973 regionis
301 2891 415 2954 refert:
440 2891 539 2954 Musei
559 2893 705 2973 frondosi
726 2911 786 2955 una
809 2909 877 2954 eum
900 2891 1050 2974 llepatieis
1069 2890 1118 2952 rix
1135 2892 1230 2953 mino·

58 3001 104 3048 reu
123 2996 290 3072 specierum
315 3013 473 3057 numerum
503 2995 654 3076 efficiunt,
693 2997 803 3078 quippe
836 2997 887 3078 qui
919 2996 995 3059 ultra
1023 2991 1083 3058 198
1107 2996 1229 3076 species

59 3095 285 3178 mmplectautur3
322 3099 378 3162 sed
401 3099 492 3183 longe
523 3102 669 3163 minorem
695 3101 803 3164 molem
829 3101 1030 3184 vegetationis
1053 3100 1230 3182 lapponicae

62 3201 214 3265 montaum
237 3223 328 3286 quam
352 3202 511 3282 Licbenes,
537 3215 567 3268 et
590 3195 751 3287 dispersim
776 3205 871 3288 magis
896 3211 1038 3268 crescunt
1061 3205 1090 3265 in
1114 3203 1229 3286 Lappa-

68 3301 98 3358 aa
113 3323 188 3384 quum
213 3306 245 3368 in
271 3309 382 3371 Suesia
407 3315 520 3372 nostra.
566 3307 661 3371 blusoi
685 3309 847 3391 bypnoidei
871 3309 989 3392 puncius
1013 3315 1176 3370 occurrunt
1200 3307 1229 3371 in

70 3401 130 3478 libb
147 3417 175 3472 et
197 3427 353 3493 nunquam
378 3419 469 3475 totam
492 3419 605 3476 terram
622 3421 679 3477 tam
697 3413 793 3476 dense
815 3421 932 3498 tegunt,
957 3430 1045 3495 quam
1062 3411 1138 3494 apud
1156 3429 1229 3489 nos3

70 3502 197 3591 brimus
231 3515 430 3579 inferioribus
463 3523 771 3582 tantum,occurrunt
799 3521 943 3600 prnnm
973 3535 1120 3597 rugosum
1143 3515 1176 3577 L.
1200 3524 1232 3579 et

69 3609 274 3684 lrirlortmnum
298 3619 501 3698 (neomuto.)
525 3622 748 3702 lortuyinosum.
795 3623 933 3687 Omnium
958 3637 1131 3684 muscarum
1156 3618 1230 3684 nulli

63 3711 84 3771 t't
101 3717 234 3803 lapponiu
258 3731 320 3787 tom
345 3723 522 3806 frequenter
543 3735 748 3809 propagantur
770 3745 858 3810 quam
883 3727 1078 3808 Puiytricba,
1102 3741 1229 3807 quorum

61 3815 167 3898 bpnnis
189 3831 222 3891 P.
238 3830 484 3909 septentrionale
499 3833 738 3912 (seuanpulara)
755 3842 786 3895 et
796 3835 1019 3914 jonipmdnann
1036 3847 1135 3912 usque
1151 3831 1229 3893 ultra

60 3919 156 3990 limitem
178 3933 305 3995 niualem
330 3942 512 4016 oocnrrunt,
545 3944 576 3998 et
600 3935 679 3998 loliis
703 3939 768 3998 suis
800 3937 905 4019 rigidis
929 3935 1117 4014 confirmant,
1140 3953 1229 4016 quam

63 4037 205 4099 necessaria
237 4039 277 4101 sit
311 4037 479 4100 substantia
512 4041 695 4123 compactior
726 4039 762 4103 ad
798 4043 895 4124 lrigus
919 4040 1138 4104 sustinendum.
1184 4039 1230 4102 De

65 4141 159 4198 aetem
179 4141 207 4202 in
228 4141 347 4224 alpibus
372 4141 568 4206 interioribus
598 4153 740 4208 crescunt
774 4146 906 4209 l'ortalo'
925 4153 1083 4225 tortuoso,
1112 4145 1229 4208 dlnium

68 4239 164 4302 musa
184 4249 213 4324 β,
235 4237 436 4328 Didymodon
451 4249 616 4324 (Disticb.)
633 4250 844 4330 capillooenm‚
869 4251 1040 4312 Dieronum
1056 4251 1159 4312 uirens
1170 4257 1228 4312 eto.

69 4331 205 4422 htslpibus
227 4349 384 4412 altioribus
408 4349 504 4413 adbuc
527 4360 693 4415 occurrunt
716 4355 887 4416 Diornnum
911 4355 1153 4438 (Dosnmtodoni
1177 4355 1228 4416 lu-

74 4441 186 4526 domn,
216 4455 394 4530 (Cerolod.)
424 4475 614 4538 purpureum
643 4466 674 4520 et
707 4459 874 4540 saluatum,
910 4459 1086 4538 Encalypto
1120 4459 1228 4537 alpino

76 4545 217 4630 ldrbdae.)
239 4565 269 4620 et
291 4559 322 4620 in
346 4559 472 4622 summis
499 4559 577 4624 loeis
606 4561 718 4626 Weisiu
744 4563 884 4628 mertula
907 4563 1086 4642 (crispulo).
1132 4561 1228 4630 llusci

107 4659 225 4716 ειιιιηι,
243 4667 361 4723 emp-n.
1052 4684 1068 4734 5
