3140 5372
539 375 703 443 llypuaceee.
1156 373 1219 436 565

24 550 174 614 imbricata
198 549 245 613 vel
268 549 477 630 subsecunda‚
512 558 619 614 ovato-
655 559 685 614 et
709 551 1051 636 oblongo-lanceolata,
1084 561 1219 618 ecostata

24 657 141 736 saepius
165 661 270 720 costae
293 655 360 719 loco
377 654 481 720 striolu
496 655 626 739 gemella
641 655 726 720 brevi
743 663 856 736 notata,
873 657 1085 740 integerrima,
1102 658 1218 723 cellulis

22 759 200 822 hasilsrihus
237 759 347 822 inllatis
384 759 485 822 luteis.
530 760 749 824 Perichaetium
787 760 984 824 imbricetum.
1031 761 1159 844 (lapsulu
1189 764 1219 826 iu

21 863 167 944 pedicello
184 864 323 946 pertenui
338 863 530 928 breviusculo
546 881 678 945 superne
694 871 818 929 arcueto
832 863 1038 948 horizontalis,
1064 867 1218 948 minutula,

20 967 280 1051 evuli-oblonga,
313 968 440 1048 luteola,
477 969 672 1048 exannuluta,
713 969 793 1032 sicce
827 969 1039 1053 deoperculota
1075 971 1132 1034 sub
1164 988 1218 1035 ore

18 1075 225 1157 strangulata,
263 1072 398 1156 operculi
423 1074 523 1156 magni
547 1071 654 1137 'citrini
685 1075 812 1138 rostello
843 1071 985 1158 perteriui
1020 1077 1218 1140 suhllexuoso

17 1179 183 1262 sporaugio
217 1177 407 1261 aequilongo.
454 1177 622 1241 Peristomii
655 1178 764 1242 dentes
798 1179 864 1243 basi
897 1182 1042 1253 aurentii.
1080 1183 1217 1245 siccitate

18 1283 107 1362 patuli
132 1299 214 1364 eque
239 1281 339 1345 medio
362 1284 441 1346 inter
463 1299 629 1363 processus
645 1285 770 1348 incurvi.
803 1285 904 1367 Bryol.
921 1303 985 1348 cnr.
1003 1287 1038 1366 V,
1056 1286 1126 1349 Tah.
1144 1283 1217 1350 507.
1278 1309 1282 1318 ·

17 1405 92 1486 lipp.
112 1405 280 1504 deosum
302 1404 422 1467 Wuson
438 1403 524 1487 Engl.
540 1402 605 1466 Bot.
623 1405 724 1487 Suppl.
742 1413 762 1472 t.
779 1405 874 1488 2740,
892 1425 909 1470 e
926 1408 1052 1490 specim.
1068 1411 1216 1474 auctoris!

55 1510 99 1570 De
124 1507 256 1570 Nornars
281 1507 352 1588 Syll.
376 1506 470 1569 llusc.
493 1507 556 1572 ltal.
579 1527 607 1590 p.
631 1509 673 1572 57
698 1507 739 1586 (i)
784 1511 816 1574 G.
842 1512 956 1577 Munmn
981 1514 1109 1594 Synops.

14 1615 152 1694 lthpnch.
179 1615 342 1676 meram
364 1611 413 1677 Bn.
438 1620 470 1675 ct
492 1614 557 1676 scs.
581 1614 680 1697 Bryol.
704 1632 769 1678 eur.
870 1679 874 1688 ,

13 1720 117 1801 llppn.
141 1717 314 1798 fiuomceoe
336 1718 429 1780 Wns.
452 1725 504 1781 mt.

14 1825 115 1906 Hypo.
142 1824 318 1905 Scitmperi
339 1821 434 1886 Bnucn
456 1829 506 1888 ml.

96 1949 210 2011 lichit.
234 1947 314 2010 suxis
338 1947 496 2028 quarzosis
517 1945 747 2010 humidiusculis
778 1948 929 2031 adrepens
962 1949 992 2010 in
1016 1949 1108 2031 sylvis
1133 1966 1215 2012 mon-

9 2055 103 2132 tosis3
130 2053 163 2114 in
189 2059 290 2114 monte
314 2052 524 2132 Gromoploun
547 2051 583 2115 ad
607 2051 925 2135 Lacum-superiorem
946 2071 1040 2136 prope
1057 2053 1217 2135 Killamep

8 2168 35 2222 et
57 2176 162 2242 prope
189 2155 364 2239 Glenporiff
375 2155 549 2236 Hiberniae,
573 2175 667 2238 prope
683 2155 867 2238 Beddpelert
885 2156 1120 2221 Combrovalliaa
1136 2165 1214 2239 sept.

7 2265 177 2339 (timeon),
210 2261 241 2324 in
269 2260 347 2323 valle
368 2261 514 2324 Introeeu
532 2261 572 2323 ud
596 2261 765 2326 Verbanum
790 2261 848 2337 (De
871 2259 1049 2342 Nornms)i‚
1081 2262 1117 2325 ad
1142 2280 1215 2326 saxa

7 2366 237 2432 humidiuscula
259 2366 290 2428 in
313 2365 462 2428 montosis
491 2365 643 2429 umbrosis
674 2384 769 2448 prope
793 2366 947 2450 Offroeiler
969 2367 1104 2431 Alsutise
1126 2365 1215 2431 inser.

7 2473 54 2534 uhi
79 2472 200 2553 hyeme
227 2466 309 2533 1837
322 2465 416 2532 -38
440 2467 553 2550 primus
575 2469 637 2534 vidi
661 2477 692 2532 at
714 2469 823 2532 dehinc
845 2487 937 2552 saepe
960 2478 992 2532 et
1013 2469 1217 2553 pulcherrime

6 2577 130 2660 reperi3
156 2573 247 2638 valde
270 2570 430 2655 sporodice
453 2575 600 2654 provenit.
644 2573 677 2636 ln
700 2573 841 2638 Americo
865 2582 941 2656 sept.
963 2574 1042 2640 haud
1065 2595 1177 2640 rarum.

93 2683 207 2744 Fncct.
230 2686 341 2744 motor.
365 2677 485 2758 hyeme.

69 2803 191 2873 Species
209 2799 341 2870 pulchella
359 2799 563 2866 distinctissime,
581 2798 645 2852 nulli
665 2817 808 2869 europaeae
823 2802 1002 2868 comparanda,
1020 2803 1130 2856 exoticis
1141 2819 1214 2872 prae·

6 2895 82 2962 cipue
102 2889 266 2943 americunis
284 2887 402 2957 pluribus
420 2897 510 2940 contra
528 2887 604 2940 valde
623 2887 715 2954 amnis,
735 2897 761 2940 et
780 2889 864 2942 lorsam
883 2907 941 2942 cum
960 2890 999 2942 his
1018 2891 1042 2942 in
1062 2907 1144 2960 genus
1157 2905 1214 2959 pra·

6 2983 85 3048 prium
106 2977 306 3046 conjungendo.

392 3099 472 3161 Sect.
496 3097 539 3160 11.
583 3097 647 3162 Rh.
671 3097 837 3162 tenello.

91 3241 224 3305 Plantae
248 3237 377 3302 tenellae
398 3243 561 3319 repentes,
596 3236 676 3300 loliis
699 3244 827 3322 anguste
861 3238 1054 3320 lanceolatis‚
1090 3239 1213 3304 llorihus

6 3347 172 3426 nonoicis,
199 3343 321 3426 capsula
346 3343 510 3420 solidiore,
545 3342 712 3424 peristomii
735 3344 878 3406 dentibus
901 3343 1094 3408 solidioribus
1115 3345 1214 3408 minus

6 3451 60 3514 late
85 3448 266 3528 lamellatis,
290 3446 440 3529 pcdicellc
462 3447 569 3529 glabro
591 3447 640 3511 vel
661 3464 782 3528 aspero.

362 3639 391 3706 2
421 3638 692 3723 lthyreiosteglum
715 3639 863 3708 tenellum

450 3779 532 3848 llypn.
551 3779 676 3832 tenellum
693 3779 778 3833 Dicas.
839 3773 842 3778 ‘

91 3901 267 3984 caespituli
289 3902 415 3966 densius
438 3903 573 3966 lardusva
596 3903 744 3984 intricati,
775 3903 907 3982 sericei„
936 3901 1142 3985 smaragdino·
1165 3902 1213 3966 vel

6 4006 317 4074 dulescenti-uirides.
364 4008 465 4071 caulis
488 4026 670 4091 prorepens,
702 4011 778 4071 remi
810 4006 976 4089 ramulique
1000 4007 1095 4069 erecti
1117 4005 1212 4070 deuse
1311 4047 1315 4052 -

6 4115 149 4180 conserti.
198 4111 280 4176 Folia
304 4119 433 4196 auguste
457 4112 781 4196 elongato-lanceolata
805 4119 835 4175 et
858 4111 922 4174 lere
947 4111 1101 4190 suhulata,
1124 4111 1211 4174 undi-

6 4241 61 4302 pue
88 4215 228 4300 patentis
258 4216 307 4279 vel
338 4215 533 4297 homomalla,
569 4223 653 4280 costa
683 4215 721 4278 ad
751 4216 866 4299 apicem
900 4233 998 4297 usque
1025 4214 1210 4297 procedente

6 4327 168 4402 instructa,
195 4319 299 4382 nitida.
344 4319 521 4384 Perichaetii
546 4322 630 4402 parvi
653 4319 722 4384 lolia
739 4321 1000 4403 erecto-potentin,
1024 4339 1063 4383 ex
1078 4321 1209 4404 oblongo

6 4429 199 4506 acuminato,
232 4431 377 4488 eeostatu.
424 4424 551 4506 capsula
584 4426 616 4487 in
649 4424 798 4507 pedicello
829 4424 912 4487 tenui
942 4424 1022 4488 laevi
1044 4441 1156 4488 cernue
1179 4433 1211 4487 ct

6 4529 218 4608 horizontalis‚
242 4535 341 4610 ovem,
365 4530 446 4592 sicca
468 4546 561 4592 vacua
585 4529 719 4592 subere
743 4529 914 4606 constricta,
928 4529 1038 4611 rutulo,
1062 4528 1209 4594 onomata.
