3104 5368
461 395 670 450 Fontinainccne.
1099 393 1160 456 Μ

18 571 120 634 ascuiao
141 570 313 652 angustiora
364 571 540 634 Antborltlia
563 573 703 658 majora..
725 571 942 636 Pericbaetium
966 580 997 635 et
1019 573 1161 654 capsulae

18 673 62 734 nlo
81 665 199 736 minoris
216 676 311 738 iorma
327 683 360 738 ut
375 683 406 738 et
427 675 633 756 peristomium
650 675 874 758 praecedentis.
911 676 1011 758 Bryol.
1036 694 1100 740 aar.
1124 677 1160 757 V,

18 777 46 836 rb.
61 773 127 840 tto.

18 901 197 960 .spuomcso‚
222 883 332 958 tenuis,
358 883 488 962 sericea,
513 883 706 947 atro-virens.
742 881 818 946 Dran.
842 883 916 946 llist.
935 881 1026 948 blusc.
1042 903 1069 965 p.
1085 881 1160 963 259,

97 991 114 1047 t.
130 983 182 1062 33,
206 983 270 1050 [3.
313 985 393 1051 brun.
418 987 467 1068 Sp.
492 987 531 1051 Pl
570 987 670 1051 Hanw.
708 986 788 1049 Bntc.
827 987 871 1049 lla
892 987 1001 1051 Nornn.
1040 989 1161 1051 ll'nsos

97 1087 194 1171 bryon.
218 1088 289 1154 urit.
710 1075 716 1088 '
822 1100 824 1104 ¹

18 1193 163 1255 lotricbom
184 1214 381 1276 squamosum
404 1193 518 1258 bibrum
551 1195 679 1277 synope.

18 1301 82 1370 inp.
98 1299 218 1378 tacebo,
241 1297 318 1377 laxa,
342 1297 481 1378 tenuior,
506 1297 586 1361 loliis
609 1299 754 1379 remotis,
778 1297 1020 1383 angustioribus,
1045 1298 1160 1362 monio

95 1400 194 1480 ribus,
219 1400 381 1482 viridibus,
411 1403 530 1486 capsula
554 1402 681 1466 minore.

55 1521 152 1584 ilobit.
176 1525 207 1586 in
232 1523 334 1587 rivulis
359 1525 507 1587 montanis
524 1524 653 1608 frigidis,
678 1524 882 1608 praecedente
902 1525 1001 1589 rarior
1016 1531 1047 1586 ct
1062 1499 1161 1588 rarius

18 1625 162 1688 letificans:
200 1627 438 1706 eNormandia,
470 1628 521 1690 ubi
551 1635 598 1692 sal
627 1630 752 1712 copiose
775 1631 924 1707 occurrit,
957 1628 1029 1692 clar.
1052 1629 1162 1692 Panum

18 1729 126 1794 ccimine
150 1732 268 1812 pedalia
291 1739 322 1794 et
343 1732 481 1814 longiora
505 1730 651 1795 fructibus
668 1741 776 1795 onusta
794 1733 884 1813 misit,
909 1735 974 1816 ipse
991 1735 1021 1796 in
1037 1734 1160 1816 Vogeso

26 1833 49 1892 in
71 1834 274 1930 Sylva-nigra?
298 1836 347 1898 ubi
370 1837 400 1898 in
423 1837 502 1899 valle
526 1837 682 1918 biorptbol
704 1835 782 1899 baud
805 1855 890 1916 rara,
915 1837 1060 1901 tructibus
1082 1837 1160 1900 raris

18 1939 136 2016 servavi3
160 1959 224 2002 var.
238 1945 267 2016 β.
283 1941 314 2002 in
330 1940 443 2004 ditione
459 1940 608 2022 lipsiensi
625 1939 733 2018 Konna,
751 1941 780 2003 in
797 1941 987 2006 Bcrolincnsi
1003 1942 1055 2003 Aa.
1066 1940 1161 2002 Belou

27 2042 102 2118 aquis
125 2045 337 2126 stagnantibus
360 2043 511 2127 legerunt.
592 2062 601 2077 ·

51 2145 150 2210 Fruct.
176 2156 289 2210 matur.
314 2155 438 2211 aestate.

37 2247 102 2301 llotio
120 2268 201 2318 supra
220 2251 308 2304 relatis
327 2252 405 2304 lacilc
424 2269 437 2303 n
459 2253 489 2303 F.
509 2251 693 2320 antippretico
711 2253 897 2321 distinguenda.

343 2425 371 2492 3.
402 2425 567 2492 lontlnnlls
589 2426 782 2494 lnlcocrlloa.

375 2563 450 2618 Bnca.
470 2535 570 2619 essen.
590 2564 677 2634 Eryci.
697 2585 751 2619 cur.

49 2684 249 2749 Praecedenti
271 2685 374 2750 babitu
397 2695 428 2750 et
451 2687 654 2772 magnitudino
679 2689 794 2752 similis.
827 2689 909 2752 Folia
932 2690 1044 2752 arctius
1060 2689 1162 2752 imbri-

19 2805 46 2862 a,
68 2791 201 2868 minora,
228 2792 418 2873 angustiora,
444 2793 579 2878 margine
602 2793 742 2874 incurva3
767 2791 989 2875 periebactialia
1012 2794 1161 2874 longiora,

19 2893 143 2972 minata,
187 2893 291 2956 intima
323 2894 463 2976 capsulae
493 2897 668 2979 operculum
702 2896 874 2981 superantia
906 2898 990 2978 apice
1024 2914 1162 2959 recurva.

19 2997 87 3074 psula
111 2998 227 3076 minor,
254 2997 351 3060 minus
375 2999 480 3062 solida.
527 2999 695 3084 Peristomii
711 2999 820 3064 dentes
843 3001 988 3063 remotius
1004 2999 1162 3076 articulati,

19 3115 43 3160 er
61 3101 294 3164 articulationes
311 3101 455 3184 lacunosi,
472 3103 552 3166 inlus
567 3103 655 3166 latius
672 3104 829 3183 lamellosi‚
854 3105 966 3166 interni
981 3112 1047 3166 relc
1064 3103 1162 3165 minus

20 3203 119 3284 piare,
155 3205 228 3268 solo
252 3207 336 3287 apice
359 3205 527 3291 integrum,
558 3207 723 3272 lutesccns.
769 3209 884 3293 Sporae
907 3205 997 3288 duplo
1022 3207 1160 3286 majores.

20 3307 58 3380 pl.
81 3327 146 3372 eur.
173 3310 212 3390 V,
237 3309 308 3371 Tab.
325 3305 399 3376 431.

20 3435 48 3489 tl.
67 3449 241 3510 ammosa
264 3436 341 3492 auct.
366 3429 501 3493 scandin.
525 3448 580 3512 pro
604 3433 730 3494 maxima
757 3438 850 3512 parte.

26 3533 213 3596 dulccorlr'oa
236 3531 288 3594 Ba.
312 3540 343 3594 et
366 3533 431 3598 Sca.
455 3533 474 3596 l.
498 3555 523 3598 c.
569 3536 723 3626 Sucnrvnnr
747 3535 841 3596 llusci
864 3535 899 3597 oi
917 3534 967 3596 tbc
990 3534 1044 3596 Un.
1068 3533 1110 3596 St.

20 3633 159 3700 btricbom
185 3637 410 3700 dolcoorla'com
433 3637 465 3700 C.
489 3637 603 3702 lilinum
629 3641 755 3721 Synops.

49 3757 148 3820 liubit.
173 3759 209 3820 in
231 3756 338 3819 rivulis
362 3765 394 3820 et
415 3759 514 3820 tiuviis
539 3757 666 3822 Succiae
691 3760 935 3841 septentrionalis
967 3768 1057 3841 atque
1085 3759 1164 3823 Nor·
1189 3771 1215 3838 g

21 3857 85 3938 piae:
100 3863 270 3944 praecipue
286 3862 316 3922 in
332 3861 499 3926 llalecarlia
515 3863 673 3926 observavi
690 3861 784 3936 (unde
798 3881 909 3927 nomen
919 3866 953 3944 t),
969 3883 987 3925 e
1004 3863 1162 3942 (leuticia,

21 3963 145 4027 ¹minime
161 3983 246 4044 rora,
267 3965 353 4028 clarr.
370 3966 539 4028 Srnbnaica
556 3972 587 4028 ct
602 3965 737 4027 Hnnmn
753 3968 876 4047 copiosa
892 3975 921 4030 cl
937 3967 1162 4048 speciosissima

21 4067 123 4133 tcimina
147 4071 312 4132 miserunt.
357 4067 453 4131 Etiam
474 4069 505 4130 in
520 4068 661 4132 Amerioa
685 4071 913 4151 septentrionali
936 4073 1082 4152 provenit.

52 4173 148 4236 Froet.
173 4179 288 4234 motor.
312 4177 437 4264 aestate.

39 4289 62 4342 ln
77 4293 220 4346 innumeris
237 4291 423 4360 speciminibus
442 4293 635 4362 qnaepexantini
660 4293 764 4346 submisi
793 4307 895 4360 semper
918 4303 1063 4372 caractere!
1087 4311 1162 4361 cupra

22 4379 91 4428 osius
109 4379 332 4432 constantissimos
352 4380 417 4447 vidi,
444 4389 472 4430 et
499 4382 541 4432 uix
558 4381 590 4432 de
621 4379 763 4432 differentia
789 4379 908 4448 specifica
933 4379 1041 4446 hujusce
1061 4379 1163 4448 plantae

22 4463 124 4518 iunium
142 4477 192 4520 est

41 4549 102 4604 clar.
120 4551 274 4607 §monnica
293 4555 385 4620 stirpen
404 4551 538 4621 bipedaics
558 4553 682 4606 lructibnc
700 4561 803 4605 onustas
822 4569 836 4604 e
856 4549 981 4604 Gcctricin
999 4553 1074 4604 maisit.
