3144 5366
367 374 430 438 074
865 379 1058 447 Sphagaacoac.

495 557 552 618 bus
576 573 594 616 e
615 554 793 637 ferrugineo
816 555 1069 633 descrescentibus,
1092 555 1180 618 caule
1204 553 1301 618 dense
1323 539 1524 618 etuuilorrder

495 659 664 740 ramulosa,
699 659 823 723 ramulis
844 659 1036 724 brevioribus
1057 658 1193 722 incurris
1215 658 1303 740 apice
1323 656 1449 740 pallidis,
1468 655 1528 719 loliis

495 763 617 828 minutis
640 761 871 826 subimbricatis.

365 872 435 936 var.
451 879 479 950 ζ.
491 869 648 952 patulum,
681 867 801 949 plauuo
825 867 1034 945 robustiores,
1068 866 1149 932 loliis
1178 867 1368 951 longioribus
1389 864 1533 948 marmur

378 1017 380 1022 .
495 973 585 1038 siccis
607 973 675 1036 laxe
696 972 956 1052 incumbentibus,
979 970 1089 1052 pallide
1112 969 1266 1036 viridibus.

452 1093 556 1158 liubit.
579 1093 611 1156 in
632 1093 727 1174 sylvis
751 1098 783 1154 et
805 1091 930 1154 ericetis
947 1091 1086 1172 humidis,
1109 1091 1140 1153 in
1156 1094 1305 1156 montosis
1320 1093 1534 1175 scaturiginmis,

364 1201 397 1264 in
418 1197 563 1278 turiosis,
587 1215 605 1259 e
628 1197 751 1279 planitie
774 1213 873 1278 nsque
897 1197 928 1256 in
950 1195 1045 1277 Alpes
1067 1195 1229 1277 editiores3
1261 1215 1325 1261 var.
1349 1201 1380 1274 β.
1401 1198 1431 1259 in
1452 1195 1535 1278 alpims

365 1311 456 1387 atque
479 1321 555 1366 zona
577 1299 735 1384 frigidiore
759 1317 858 1381 usqne
880 1300 911 1361 in
933 1301 1086 1381 arcticum,
1111 1319 1188 1366 sarr.
1210 1327 1248 1384 y„
1271 1305 1312 1380 d,
1337 1325 1362 1368 e.
1384 1302 1416 1364 in
1436 1299 1536 1364 turlods

342 1407 528 1491 -prorundis
553 1407 696 1469 montium
718 1403 890 1484 editiorem,
913 1421 976 1467 aar.
993 1414 1019 1483 ζ.
1035 1405 1066 1466 in
1088 1405 1182 1486 pratis
1197 1405 1368 1489 uliginosis.
1402 1405 1457 1467 Per
1470 1411 1536 1467 uun

365 1515 515 1594 Europam
538 1518 701 1592 partesque
724 1507 981 1590 septentrionales
1009 1508 1186 1589 Americae,
1208 1507 1303 1574 Asiae
1325 1517 1419 1593 alque
1441 1509 1536 1572 diriore

365 1638 385 1683 e
406 1615 629 1700 vulgatissimis.
1035 1613 1054 1628 ”

452 1723 556 1784 limet.
578 1725 688 1784 matur.
713 1717 813 1798 lunio,
837 1717 927 1780 lulio.

436 1842 543 1896 lluaime
563 1843 679 1906 variam,
704 1839 855 1909 plerumque
878 1855 926 1906 pro
944 1849 1016 1907 parte
1034 1837 1077 1890 vel
1095 1847 1176 1892 totum
1200 1855 1408 1908 purpuramenta,
1425 1841 1451 1892 iu
1467 1856 1511 1892 rur.
1525 1857 1539 1892 r.

367 1931 528 1996 lusceseeus,
547 1945 615 1981 nunc
634 1925 726 1995 pedale
745 1943 813 1980 nnuc
832 1927 875 1978 vix
892 1926 982 1978 uncias
998 1941 1095 1994 paucas
1106 1925 1194 1991 aluum,
1211 1925 1346 1980 laxissime
1357 1926 1404 1980 val
1416 1927 1539 1980 inune

366 2020 549 2086 compitorum.
585 2015 674 2070 Flores
703 2015 813 2070 masculi
841 2014 977 2084 eleganter
1004 2013 1126 2082 purpurei
1153 2028 1234 2080 saepe
1263 2015 1443 2082 copiorin‘m
1463 2013 1541 2076 siml

364 2106 554 2174 praecipueque
571 2101 665 2172 hyeme
684 2104 779 2186 vigent.

739 2311 767 2378 ².
799 2309 971 2392 Spbtguurr
994 2307 1175 2378 monau-

752 2488 767 2502 ·-
826 2465 905 2519 was.
924 2465 1013 2534 seyen
1031 2465 1094 2519 ser.

457 2601 582 2669 Habitus
618 2612 649 2666 et
679 2605 880 2688 vegetationis
911 2604 1018 2669 modus
1051 2601 1282 2688 praecedentis,
1321 2605 1475 2690 caespites
1502 2599 1543 2664 lru'

366 2707 480 2792 virides
502 2726 655 2790 nunquam
687 2717 953 2794 purpurascentes.
998 2708 1100 2774 caulis
1132 2711 1251 2790 tenuis,
1286 2709 1439 2794 pallidus,
1471 2713 1542 2770 snat

365 2813 499 2878 conticuli
522 2811 633 2895 duplici
649 2814 696 2877 vel
713 2812 823 2896 triplici
837 2831 949 2896 peroso
965 2813 1015 2876 illo
1030 2813 1245 2898 praecedentis
1261 2814 1419 2880 tenuiore.
1452 2809 1541 2876 Rauul

364 2915 452 2981 valde
475 2917 630 2997 attenuati,
654 2917 927 2998 arcuato-decurri,
952 2917 1107 2982 lililormes
1130 2917 1253 3000 penduli
1269 2919 1386 3002 singuli
1403 2917 1451 2980 rel
1465 2913 1541 2978 binat't

364 3021 447 3085 Folia
470 3019 585 3084 caulina
608 3021 702 3083 multo
733 3023 864 3105 majora,
896 3022 1051 3102 tenuiora,
1086 3022 1164 3085 cauli
1195 3029 1282 3086 arcte
1310 3021 1477 3106 adpressa,
1502 3021 1541 3082 lau

364 3124 492 3187 obovata
516 3131 547 3186 et
569 3124 897 3207 obovato-spathulata‚
917 3127 1039 3208 juniora
1062 3125 1228 3207 cucullata,
1259 3127 1389 3191 seniora
1412 3125 1540 3208 explanat

364 3235 428 3293 toto
451 3229 563 3293 ambitu
585 3229 748 3293 rotundato
764 3231 923 3314 superiore
937 3229 1257 3312 lacinium-fimbriata,
1282 3230 1417 3296 cellulae
1431 3231 1540 3313 byaliurt

365 3333 482 3396 mediae
516 3334 645 3418 paginae
680 3342 709 3396 et
740 3334 908 3417 superioris
938 3334 1103 3401 rbombeae
1133 3335 1314 3418 plerumque
1347 3337 1539 3420 pluripartiltt-

364 3435 448 3500 tibris
471 3439 617 3521 porisque
639 3445 800 3518 carentes,
825 3439 1008 3522 marginales
1032 3439 1142 3502 multae
1164 3447 1393 3523 peraugustae,
1432 3441 1537 3503 loliorur

363 3539 580 3606 ramulinorum
610 3541 971 3606 ovalo-lanceolctorum
1010 3543 1136 3610 cellulae
1168 3542 1308 3626 hyalinae
1339 3543 1438 3609 dorso
1469 3543 1538 3606 minu

333 3729 336 3734 Ι
363 3645 551 3726 prominulae
574 3645 658 3728 poris
682 3647 799 3731 magnis
823 3654 977 3730 pertusae.
1021 3648 1181 3711 Amentula
1215 3649 1350 3714 mascula
1387 3649 1502 3722 teretia,
1529 3661 1539 3700 r

364 3748 535 3813 latescente
558 3748 673 3814 viridia.
719 3750 799 3816 Folia
821 3749 1043 3834 perichaetialia
1060 3753 1157 3816 media
1173 3753 1325 3836 obliquata
1341 3751 1540 3838 asymmetairn

366 3851 468 3916 intima
491 3855 651 3918 convoluta
675 3873 713 3916 ex
736 3857 822 3938 apice
844 3856 979 3939 repando
1002 3857 1136 3922 breviter
1159 3859 1324 3940 spiculata,
1363 3857 1432 3924 basi
1455 3861 1539 3920 nunt

365 3957 604 4042 appendiculala,
628 3960 788 4043 angustius
809 3961 977 4025 reticulata.
1023 3959 1150 4046 Capsula
1165 3971 1197 4028 et
1211 3981 1322 4048 sporae
1339 3959 1537 4048 praecederit·

383 4123 387 4130 -
453 4082 592 4147 Semnum
615 4081 810 4166 lilonograpb.
834 4101 861 4165 p.
885 4081 938 4163 59,
961 4083 1032 4147 Tala.
1060 4083 1107 4148 15.

365 4187 481 4270 Spbcg.
502 4187 689 4268 fiotbriutam
712 4186 834 4252 Wusos
856 4187 887 4251 in
910 4187 1004 4256 lloos.
1028 4189 1121 4256 blusc
1144 4198 1269 4256 anmrct
1288 4209 1321 4276 p.
1346 4189 1393 4258 92
1415 4200 1447 4256 et
1465 4183 1535 4272 ejui

494 4290 593 4374 Bryol.
617 4291 689 4355 Brit.
712 4311 739 4374 p.
766 4291 816 4356 21.

363 4394 438 4476 Splr.
462 4397 655 4477 acartifolium
677 4403 791 4459 auctor.
815 4403 972 4479 exparte.

452 4515 554 4582 liubit.
576 4517 607 4578 iu
629 4517 724 4597 pratis
752 4517 911 4596 turlacels,
944 4515 981 4580 ad
1012 4518 1156 4582 montium
1187 4517 1283 4582 latera
1313 4537 1445 4602 moes,
1472 4536 1532 4580 aar
