3310 5368
368 381 432 444 Mil
882 384 1045 452 llypnaccaa.

370 537 540 626 Peristomii
562 560 671 624 dcntes
693 559 840 624 remotius
862 559 1010 623 articulati
1032 559 1113 621 intus
1128 566 1258 640 anguste
1273 557 1422 650 lamcllati,
1444 557 1547 620 inierac
1625 577 1626 622 l

369 667 498 732 aurantii
521 683 653 748 superne
676 666 874 744 lutasccntea,
897 679 1064 746 processus
1087 663 1167 726 inter
1190 662 1415 726 articulatioaca
1437 663 1548 744 pertusi

369 771 467 853 llrpol.
490 788 556 834 eur.
580 773 615 852 V,
640 771 711 834 Tab.
727 767 801 833 508.
1433 783 1437 792 ’

369 891 449 974 Hyp.
475 891 631 972 tortellum,
664 891 755 954 ramis
779 889 891 951 erectis
914 887 1061 952 confertis
1085 887 1286 969 simplicibus,
1320 887 1401 951 loliis
1434 891 1551 950 setaceis

500 994 819 1078 erecto-patentibus,
857 992 987 1074 capsulis
1018 993 1188 1074 inclinatis,
1224 993 1369 1074 operculo
1400 993 1552 1074 cuspidrto.

499 1100 599 1164 name.
622 1097 706 1162 Fuso.
729 1098 831 1180 Gippi.
853 1097 901 1177 lv,
925 1116 953 1179 p.
982 1095 1031 1177 ¹6,
1055 1105 1075 1160 t
1102 1095 1152 1178 ll,
1176 1097 1196 1158 l.
1224 1099 1272 1162 rt.

413 1205 579 1270 &masan
615 1202 717 1286 Suppl.
739 1201 773 1266 ll.
818 1202 862 1265 Da
895 1201 1023 1264 Nornnrs
1062 1199 1171 1283 Syllab.
1216 1201 1352 1265 mamm
1388 1199 1497 1265 sarna.
1521 1199 1554 1264 n

300 1308 303 1316 ’
498 1309 620 1372 Wnsoa
643 1307 743 1388 Bryol.
766 1307 837 1370 urit

369 1415 450 1498 Hyp.
472 1415 643 1478 stereodon
664 1413 843 1494 clymenus
864 1412 1038 1488 (Drsronr.)
1060 1409 1140 1472 llam
1164 1409 1262 1491 Brycl.
1285 1410 1365 1473 univ.

370 1521 506 1602 maneb.
530 1519 670 1582 tenellum
692 1517 742 1584 lla.
765 1524 797 1579 et
820 1517 884 1580 Sca.
907 1515 1008 1598 Bryol.
1032 1531 1097 1578 cur.

457 1641 560 1704 Habit.
584 1640 621 1703 ad
649 1656 720 1704 saxa
753 1646 783 1702 et
815 1656 917 1702 muros
950 1637 1089 1720 antiquos
1118 1654 1174 1718 per
1196 1643 1287 1699 totam
1316 1635 1384 1698 lere
1408 1636 1556 1718 Europam,

370 1746 472 1830 plagas
496 1746 623 1808 arcticus
638 1745 746 1824 vitans,
764 1745 899 1806 mitiores
915 1751 946 1805 et
962 1743 1124 1824 praecipue
1140 1741 1352 1804 meridionales
1369 1749 1558 1824 praeoptans

369 1869 424 1932 per
445 1849 568 1930 ltaliam,
585 1849 767 1930 Hispaniam,
785 1847 908 1912 Galliam
926 1845 1152 1910 meridionalem
1168 1847 1380 1927 copiosissime
1396 1847 1558 1917 observari,

369 1957 469 2018 rarius
491 1955 522 2016 in
544 1971 620 2017 zona
643 1950 833 2030 intermedia,
858 1971 883 2013 e.
909 1970 939 2034 g.
962 1949 1159 2033 Argentorati
1182 1950 1220 2013 ad
1244 1952 1373 2031 moenia,
1399 1953 1432 2013 in
1451 1951 1558 2013 arcibus

369 2059 499 2140 antiquis
521 2060 636 2142 Vogesi
658 2065 689 2122 et
712 2057 959 2139 Salvae-nigrae,
990 2055 1020 2116 in
1049 2053 1176 2118 molibus
1207 2055 1369 2135 calcaneis,
1395 2057 1482 2120 socio
1511 2057 1558 2118 lib

372 2165 534 2243 l'ceadolii,
558 2163 594 2226 ad
619 2163 718 2226 lontes
742 2161 771 2223 ll.
787 2162 904 2223 Arcamo
919 2158 1037 2222 lurassi
1051 2159 1204 2239 helvetici,
1227 2179 1255 2220 e.
1271 2179 1299 2224 a.
1315 2161 1334 2222 l.
1351 2161 1383 2223 in
1400 2162 1558 2226 Francoaia

370 2267 676 2352 sennonago,
710 2265 866 2329 rarissime
898 2267 929 2327 in
961 2267 1068 2330 Suecia
1102 2267 1250 2346 provenit
1295 2265 1327 2328 ln
1358 2274 1422 2330 tota
1448 2267 1558 2330 Africae

371 2371 619 2454 septentrionalis
642 2373 769 2456 regione
793 2370 1057 2434 mediterraneae
1082 2370 1313 2453 vulgarioribus.

456 2477 559 2539 Fntct.
584 2485 695 2539 matur.
718 2476 814 2558 primo
838 2493 920 2538 vere.

439 2599 528 2651 Varlat
544 2599 670 2651 densitate
689 2607 714 2651 et
733 2596 821 2650 colore
834 2599 991 2665 caespitum,
1010 2599 1036 2650 in
1048 2597 1150 2664 Europa
1164 2597 1249 2650 media
1263 2601 1468 2666 septentrionem
1480 2617 1559 2652 utrm

369 2695 492 2756 vergente
515 2685 757 2754 laxccaospann,
785 2685 867 2737 minua
890 2685 1026 2737 confertim
1050 2697 1176 2738 ramorum
1201 2695 1277 2754 atquc
1302 2685 1442 2756 loliorum,
1471 2691 1559 2742 intensa

369 2774 464 2838 virens,
482 2775 656 2827 nouissimum
674 2773 810 2841 reperitur,
828 2773 854 2822 io
872 2770 1032 2824 meridionali
1054 2771 1133 2824 denae
1153 2773 1325 2840 cacapitoauna
1344 2783 1502 2842 tumeacena,
1521 2777 1560 2826 iar·

369 2859 668 2929 ciculato-ramosumet
685 2859 849 2926 ramulorum,
868 2857 938 2910 loliis
961 2858 1085 2910 confertis
1104 2858 1222 2926 rigidnlia
1240 2858 1447 2932 latescentibua,
1468 2865 1561 2930 capsula

369 2947 489 3000 breviore
508 2950 642 3001 crassiora.
679 2947 771 3000 Densis
789 2946 989 2999 tumescentibus
1013 2946 1169 3014 caespitibus
1187 2947 1212 2998 in
1226 2949 1303 3001 muria
1317 2955 1365 3002 nec
1379 2967 1433 3004 non
1451 2953 1483 3004 ad
1495 2967 1561 3020 rupes

369 3035 553 3089 bracellonnea
571 3038 642 3088 circa
659 3050 744 3086 arcem
763 3043 940 3102 granatensem
956 3033 1097 3084 ltaamlra
1120 3031 1279 3087 abundanter
1296 3035 1357 3087 ridi.

714 3225 743 3292 3.
773 3223 1044 3306 llynoloatcalan
1065 3213 1220 3292 lccsldll.

746 3365 811 3434 app.
832 3364 961 3419 caesana
982 3367 1057 3418 sam.
1077 3365 1114 3419 rr.
1134 3365 1195 3419 aaa.

456 3487 537 3552 Laxe
561 3488 937 3570 depresso-caespitosum,
962 3495 1095 3552 saturate
1111 3489 1159 3552 vel
1176 3488 1305 3552 obscure
1328 3489 1438 3552 viride.
1471 3489 1561 3553 Planta

370 3610 446 3674 vage
478 3610 597 3656 ramosa
633 3600 663 3655 at
695 3593 865 3674 ramulosa,
897 3593 1019 3658 ramulis
1053 3592 1189 3678 rigidulis
1225 3597 1338 3656 erectis
1371 3595 1421 3658 vel
1456 3595 1561 3677 patulis.

371 3696 451 3759 Folia
474 3697 758 3779 erecto-patentia,
795 3697 916 3776 stricta,
952 3695 1068 3760 caulina
1093 3705 1123 3760 et
1145 3715 1248 3759 ramea
1272 3696 1421 3760 inferiora
1445 3707 1560 3771 remota,

371 3799 537 3864 terminalia
561 3808 592 3862 el
613 3798 757 3862 ramulina
781 3800 907 3862 densius
934 3801 1086 3880 conserta,
1119 3799 1285 3864 lanceolata
1309 3810 1340 3864 el
1363 3811 1494 3886 anguste
1516 3801 1560 3862 ob

371 3903 654 3985 longo-lanceolata,
671 3904 848 3982 acuminata,
866 3921 1007 3984 concava,
1024 3911 1108 3968 costa
1125 3904 1212 3967 viridi
1227 3904 1264 3968 ad
1282 3905 1413 3968 medium
1431 3903 1559 3982 evanida,

371 4009 507 4090 margine
541 4009 679 4072 obsoleta
714 4015 850 4088 serrato,
885 4007 1003 4073 cellulis
1038 4008 1094 4070 illis
1129 4009 1340 4090 praecedentis
1363 4009 1558 4086 brevioribus,

371 4113 579 4193 superioribus
603 4111 749 4175 viridibus
773 4111 968 4175 interioribus
994 4111 1130 4194 hyalinis,
1154 4120 1221 4175 rete
1245 4113 1395 4195 hyalinum
1420 4121 1559 4196 pertenue

372 4213 611 4296 ellcrmantibus,
643 4215 772 4278 utriculo
795 4215 978 4296 primordiali
1009 4217 1185 4298 conspicuo.
1231 4215 1452 4281 Pericbaetium
1475 4219 1558 4300 oligo

371 4317 512 4399 phyllum,
537 4319 614 4383 loliis
636 4319 753 4402 pallidis
776 4323 920 4384 ecostatis
944 4321 1072 4384 internis
1095 4321 1185 4405 longe
1209 4323 1395 4385 acuminatis.
1442 4321 1557 4405 capsula

372 4439 389 4482 e
412 4422 490 4486 collo
514 4424 654 4488 distincto
677 4423 772 4487 uvalis
796 4425 842 4486 vel
867 4425 1016 4510 oblonga,
1039 4425 1251 4508 horizontalis,
1275 4427 1488 4506 solidiuscula‚
1511 4425 1556 4488 oli·

372 4544 478 4608 vacea,
510 4547 603 4590 vacua
628 4531 822 4609 lascescens,
856 4529 1004 4611 pedicello
1034 4531 1230 4596 sobdcmosc
1262 4551 1390 4616 aspero,
1423 4531 1556 4618 operculo
