3290 5370
375 571 518 635 obovato-
540 571 589 634 vel
612 567 976 652 spatiante-acuminata,
1010 567 1186 649 simpliciter
1207 567 1256 630 vel
1279 567 1451 651 geminati·
1473 566 1553 628 semi·

375 681 504 756 castata,
527 675 585 736 reti
608 675 703 739 denso
726 691 858 754 superne
880 673 1094 754 rhomboides,
1119 673 1149 736 in
1171 672 1272 735 medio
1294 679 1423 756 angastc
1445 677 1554 732 rectan-

374 780 447 862 gulo
468 779 517 842 rel
547 779 654 842 lineari
681 778 719 842 ad
748 779 874 864 angulos
905 778 1050 862 quadrato
1079 785 1111 841 ct
1142 777 1350 858 punctilnrmi3
1383 775 1555 858 pamphylus

375 883 441 964 plus
464 884 564 946 minus
586 900 759 961 numerosa,
782 881 983 965 polymorpha.
1029 883 1132 946 Flores
1155 881 1255 960 didici,
1280 880 1404 943 leminei
1428 881 1459 943 in
1474 879 1557 942 cauli-
1638 881 1639 938 l

374 987 431 1049 bus
454 987 603 1068 primariis
618 985 666 1048 ael
682 987 880 1050 secundariis.
915 986 1060 1071 vaginula
1075 985 1222 1068 perlecta,
1239 985 1389 1070 elongata.
1428 983 1558 1064 Calyptra

375 1090 558 1173 majuscula,
595 1091 674 1155 inira
703 1089 831 1156 mediam
862 1089 1013 1174 capsulam
1045 1087 1209 1172 producta,
1246 1087 1326 1152 nuda
1356 1088 1406 1152 ael
1437 1087 1559 1169 raripilu

375 1193 503 1277 Capsula
524 1195 583 1258 alte
606 1193 795 1276 pedicellata,
819 1202 932 1276 erecta,
955 1194 1087 1276 oblonga
1102 1201 1134 1257 et
1147 1194 1298 1278 elongata,
1314 1199 1424 1256 exacte
1438 1209 1559 1273 symme-

375 1297 451 1362 trica
473 1299 522 1362 vel
543 1297 654 1362 leniter
675 1305 814 1379 curvata,
849 1299 1005 1377 coriacnn,
1035 1297 1190 1380 brunnen,
1228 1297 1307 1360 siem
1329 1296 1389 1360 sub
1411 1314 1469 1360 cre
1489 1293 1560 1357 land

374 1408 535 1465 ‹marctata
566 1401 748 1483 operculum
771 1402 973 1466 crassiuscule
995 1411 1169 1468 rostratum.
1198 1401 1336 1466 Annulus
1350 1405 1560 1484 perangustus
1638 1395 1639 1410 ¹

375 1505 580 1570 Peristcmium
612 1507 782 1588 parvulum3
821 1507 940 1570 externi
970 1507 1079 1572 dentes
1114 1504 1417 1585 lineali-lanceoluti,
1456 1501 1560 1586 pallidi,

373 1609 497 1674 densius
519 1610 705 1675 remotiusve
720 1610 876 1692 articulati,
897 1611 1008 1675 interni
1024 1612 1196 1675 membrana
1213 1609 1350 1674 basilaris
1365 1613 1558 1692 perangusta,

372 1715 567 1797 pnmcessibus
604 1715 747 1778 brevibus
781 1715 983 1797 imperfectis,
1021 1715 1097 1778 ciliis
1135 1715 1234 1778 nullis.
1280 1715 1396 1795 Spcrae
1435 1713 1560 1775 minutae

374 1819 575 1903 ferrugineas.
620 1818 767 1883 liabitatlo
790 1818 826 1883 ad
851 1819 991 1908 arborum
1014 1826 1138 1883 truncus
1161 1827 1192 1882 et
1214 1819 1252 1885 ad
1274 1837 1356 1882 saxa.

702 2025 776 2092 Gen.
803 2025 830 2088 l.
875 2025 1230 2090 rrumurusuuttun.

861 2165 948 2218 llrcw.
968 2165 1067 2218 emend.

460 2288 582 2352 Plantae
606 2294 912 2370 arcuato-prostratae
935 2286 983 2350 ael
1007 2287 1128 2350 omnino
1151 2281 1313 2367 demissae,
1335 2287 1431 2370 lange
1446 2286 1562 2369 lateque
1638 2335 1639 2358 r

373 2393 585 2474 caespitentes.
631 2389 713 2453 llami
745 2397 776 2453 et
797 2389 902 2452 ramuli
931 2390 962 2453 in
992 2407 1084 2452 unum
1116 2407 1238 2452 sensum
1271 2389 1562 2474 arcuato-prostrati
1638 2359 1639 2392 ¹

371 2498 476 2577 partim
506 2497 599 2578 longe
633 2493 787 2558 lililnrmes
818 2501 848 2557 et
879 2495 1123 2575 llagellilormes‚
1154 2493 1233 2558 haud
1255 2493 1439 2557 radicantes.
1485 2495 1560 2557 Folia

371 2598 504 2680 undiquc
528 2599 659 2679 patentia
681 2597 729 2660 vel
760 2597 969 2676 subsecunda‚
1008 2599 1134 2661 obnvala
1165 2604 1198 2660 et
1216 2597 1560 2680 'eborata-spathulas,

371 2703 548 2778 acuminata,
572 2720 713 2782 concava,
738 2703 774 2765 ad
799 2702 928 2766 medum
947 2720 1047 2784 usquc
1062 2708 1145 2765 costa
1161 2703 1288 2783 simplici
1304 2703 1389 2766 tenui
1406 2705 1561 2768 instructa.

371 2805 456 2886 apice
480 2813 606 2887 serrata,
630 2825 764 2889 superne
788 2805 880 2870 dorso
902 2807 993 2888 longe
1016 2801 1181 2888 papillosa‚'
1192 2807 1309 2890 papillis
1331 2825 1370 2870 ex
1392 2806 1561 2882 areolarum

370 2907 488 2990 angulis
511 2909 682 2991 productis,
715 2910 836 2974 areolae
860 2909 897 2973 ad
927 2908 1008 2972 basis
1032 2911 1158 2992 angulos
1190 2909 1353 2992 quadratae
1379 2911 1561 2994 majusculas

370 3013 501 3075 utriculo
530 3012 714 3096 primordiali
750 3013 890 3076 distinctu
927 3011 1004 3076 haud
1035 3031 1234 3092 numerosae,
1272 3021 1428 3078 caeterum
1465 3015 1559 3078 rhom-

366 3115 509 3181 'boideac
555 3116 697 3182 llamulus
719 3117 941 3200 perichactialis
963 3119 994 3181 in
1017 3118 1103 3180 caule
1125 3117 1283 3199 primario,
1313 3117 1464 3182 radicans.
1510 3119 1560 3182 c·—
1638 3145 1639 3186 l

368 3219 581 3303 lyptranuda,
608 3221 767 3305 usquead
793 3221 934 3302 capsulae
971 3219 1056 3284 basin
1078 3219 1233 3303 producte.
1278 3221 1407 3304 capsula
1432 3224 1559 3305 oblonpa
1638 3239 1639 3254 ¹

369 3330 400 3385 et
422 3325 573 3408 elongata,
596 3327 720 3407 primum
745 3345 763 3388 e
785 3323 869 3388 luteo
892 3325 1081 3404 luscesccns,
1103 3322 1225 3387 tandem
1247 3323 1393 3404 brunner,
1419 3327 1560 3410 opercula

369 3426 603 3510 obliquirostrc‚
636 3431 804 3511 peristomii
835 3427 976 3492 dentibus
999 3427 1141 3492 brevibus
1164 3433 1281 3492 remote
1304 3429 1473 3494 articulatis
1495 3449 1559 3512 pm·

369 3531 505 3594 cessibus
528 3532 763 3597 rudimentariis.

454 3634 567 3698 Nomen
591 3635 628 3700 ab
650 3637 809 3720 lledwigio
832 3636 871 3700 nb
902 3636 995 3700 liores
1029 3636 1187 3718 utriusque
1217 3653 1311 3700 sexus
1341 3637 1486 3702 ancillares
1510 3641 1558 3700 irn-

367 3739 507 3819 positum.
1192 3741 1199 3762 ⁸
1638 3725 1639 3750 ¹

367 3843 586 3922 Ptercponium
610 3845 775 3910 Scuwnraa.
800 3844 902 3927 Suppl.
947 3841 1086 3907 Neclcrc
1109 3841 1141 3906 Ο.
1164 3843 1277 3906 litteren
1301 3845 1430 3926 smmps.

744 4049 1009 4131 Plcrlgpnantrun
1032 4049 1179 4119 dlllnmc

832 4189 914 4257 uypu.
934 4189 989 4242 nnc
1009 4191 1083 4242 nn.

453 4307 608 4390 Cacspites
630 4309 689 4372 late
711 4311 844 4388 extensi,
868 4329 948 4373 nunc
971 4317 1053 4374 arcte
1077 4311 1215 4393 adpressi
1238 4328 1317 4372 nrrnc
1339 4312 1449 4375 leviter
1471 4313 1552 4374 tami·

363 4411 436 4490 dull,
460 4411 539 4475 lacte
562 4411 685 4476 virides.
730 4413 811 4477 Folia
834 4413 966 4496 undiquc
991 4415 1133 4496 patentia,
1157 4415 1236 4479 sicca
1260 4414 1423 4480 imbricata.
1458 4414 1552 4498 Brycl.

365 4533 431 4580 cur.
455 4517 490 4596 V,
518 4515 588 4580 Tala.
605 4515 679 4580 duo.
