3104 5368
861 386 1052 440 lieclneraccae.

836 563 962 626 Fam.
988 561 1081 627 ΙΙΙ.

811 701 1108 774 Nncnsnsnn.

450 856 551 920 Cauiis
573 857 733 939 primarius
755 867 881 935 repens,
906 852 1105 916 secundarius
1127 851 1244 916 lloriier
1266 859 1385 915 erectus
1407 853 1450 913 vel
1469 869 1523 932 pm·

363 961 462 1040 dulus,
485 963 621 1042 pinnato·
645 966 676 1021 et
698 957 1047 1039 bipinnotoremulosus.
1093 957 1174 1019 Folia
1196 955 1264 1039 plus
1294 957 1388 1018 minus
1410 956 1525 1017 distinete

363 1064 557 1147 complanata,
581 1063 677 1126 antica
702 1070 732 1125 et
747 1062 863 1144 postica
878 1062 945 1124 laxe
961 1059 1160 1122 incumbentia
1176 1059 1225 1122 vel
1240 1059 1396 1140 adpresss,
1417 1059 1527 1120 lateralis

360 1167 572 1232 subvorticalio
596 1168 739 1248 patentia,
756 1165 1038 1242 ovato-lanceolam,
1054 1163 1207 1247 lingulam,
1224 1165 1332 1228 obtusa
1347 1164 1394 1226 vel
1407 1163 1530 1245 apimbtn

360 1270 440 1336 bend
463 1289 534 1334 raro
556 1278 710 1350 truncata,
734 1272 852 1353 integre
875 1269 923 1332 vel
945 1269 1057 1332 minute
1080 1277 1214 1346 serrata,
1246 1275 1380 1330 ecostata
1403 1267 1529 1328 entend

361 1383 486 1453 costato,
509 1375 711 1454 subscariosa,
735 1375 848 1436 minute
870 1373 1013 1450 areolata,
1036 1371 1148 1435 areolis
1171 1373 1381 1453 superioribus
1403 1371 1532 1434 mombe's

362 1479 409 1542 vel
431 1478 588 1562 oblongis,
622 1467 815 1540 interioribus
839 1478 946 1540 mediis
976 1475 1151 1556 linealibus,
1186 1476 1366 1540 lateralibus
1392 1475 1549 1558 quadratist

362 1585 488 1646 Fructus
506 1583 538 1643 in
554 1581 640 1644 ceule
654 1581 847 1661 secundario,
864 1597 934 1644 raro
950 1583 980 1643 in
996 1579 1131 1642 ramulis.
1175 1579 1319 1644 Remulos
1335 1579 1549 1661 perichetisbl

361 1688 482 1766 brevis,
516 1686 581 1749 basi
604 1684 681 1750 band
704 1684 852 1748 redicens
896 1685 1043 1766 vaginula
1066 1684 1224 1763 distincta,
1259 1685 1344 1749 nuda
1373 1683 1424 1748 rel
1451 1683 1543 1765 pilosa·

361 1791 499 1872 cctyprro
521 1788 668 1854 cucullata
690 1790 739 1852 vel
761 1790 924 1852 subconioa
948 1789 1072 1870 basique
1095 1787 1178 1866 lissa,
1191 1783 1416 1870 'nonnunquam
1430 1787 1549 1870 piliienn

362 1894 488 1976 capsula
510 1893 695 1976 periebaetio
722 1891 892 1974 polyphptto
925 1891 1090 1976 majusculo
1123 1893 1266 1954 immersa
1296 1892 1349 1954 nel
1379 1907 1549 1976 emergens·t

359 2000 459 2062 rarius
481 2000 512 2062 in
535 1997 682 2079 pedicello
704 1998 788 2060 brevi
811 2006 944 2076 exserta,
970 2005 1089 2076 erecto,·
1107 1997 1311 2078 symmetrics.
1347 1997 1549 2059 Peristomi*

360 2103 490 2184 simplex
510 2103 560 2165 vel
582 2101 701 2183 dupleu
1151 2102 1153 2104 ’

439 2205 565 2269 Familia
603 2205 820 2288 pulcherrimo,
868 2209 995 2270 maxime
1041 2205 1201 2280 naturalis,
1247 2222 1369 2284 genera
1417 2201 1543 2266 amant·

360 2311 477 2374 exotica
507 2326 600 2372 unum
630 2326 812 2391 conopaeum
840 2311 1056 2392 complectens,
1081 2309 1118 2371 ab
1149 2307 1326 2371 auctoribus
1359 2307 1460 2370 adnue
1481 2307 1549 2368 naula

360 2413 490 2478 delinita.
970 2415 973 2421 '

812 2585 885 2650 Gen.
912 2585 1100 2650 Nscnssn.
1527 2636 1549 2701 ι

831 2725 915 2778 Hsow.
935 2741 980 2792 pro
998 2734 1078 2791 parte.
1530 2736 1541 2809 p

448 2848 567 2910 Plantae
595 2847 686 2930 lonpe
713 2847 834 2928 lateque
865 2845 1076 2928 caespitentes.
1121 2845 1232 2908 Gaulos
1261 2845 1447 2909 secundarii

360 2951 410 3015 vel
433 2950 636 3014 ascendentes
669 2949 792 3013 romulis
824 2948 960 3012 distichis
992 2949 1138 3012 contenis
1171 2951 1343 3014 remouere
1380 2951 1462 3014 baud

226 3040 230 3051 ’
360 3041 619 3138 llapellilormibus
649 3053 716 3136 plus
747 3054 845 3116 minus
877 3053 1060 3134 regulariter
1091 3052 1220 3135 pinnati,
1258 3053 1327 3116 sola
1364 3054 1469 3118 intima
1496 3026 1539 3125 Η,

361 3179 451 3242 parce
473 3161 655 3224 radicantes.
700 3159 781 3222 Folio
811 3157 1012 3238 complanata,
1044 3157 1221 3239 plerumque
1253 3155 1431 3238 undulata,
1462 3159 1549 3233 sittim¹

360 3266 506 3343 maniosa,
528 3263 685 3347 pellucido.
723 3261 939 3326 Pericbaetium
961 3261 1125 3348 saginans.⁸
1154 3258 1295 3342 Celpptra
1310 3263 1472 3326 cucullata
1486 3255 1540 3333 od

328 3391 331 3403 ·
359 3368 408 3432 vol
439 3385 529 3450 parce
560 3367 666 3450 pilosa.
710 3365 848 3430 Annulus
880 3363 989 3430 nullus.
1034 3365 1241 3430 Peristomium
1271 3364 1415 3446 duplex3
1448 3358 1540 3430 ested

360 3471 469 3535 dentes
491 3473 574 3555 longi
595 3469 897 3549 lineali-lanceoleti,
930 3470 1081 3533 multoties
1107 3469 1274 3548 articulati,
1308 3472 1434 3556 integri
1465 3470 1540 3535 ml!

358 3574 439 3640 linea
462 3573 616 3640 divisuroli
638 3574 769 3656 pertusi,
801 3579 926 3653 tenues,
950 3573 1151 3650 lutesceotes,
1176 3575 1316 3636 siccitate
1342 3579 1436 3658 apice
1457 3574 1539 3638 cod

357 3686 483 3762 nentes3
514 3680 624 3742 interni
652 3695 816 3760 processus
848 3677 1062 3740 emembrana
1091 3677 1212 3740 basilaei
1233 3685 1375 3761 angusta
1399 3689 1434 3745 et
1452 3695 1549 3757 meur

358 3781 474 3847 tissima
496 3783 679 3848 breviusculi
702 3781 750 3844 vel
771 3781 926 3864 longiores
949 3780 1122 3860 liliiormes,
1151 3781 1217 3844 basi
1239 3783 1454 3864 soboas-isati,
1483 3785 1549 3854 ralia

359 3886 461 3950 nullis.
505 3887 652 3950 llabitatio
674 3886 802 3950 arborea
824 3885 922 3948 rarius
944 3885 1087 3949 saxatilis.

359 3989 499 4052 Noctem
521 3989 621 4054 llsom
645 3989 732 4071 Spec.
755 3989 848 4052 llnsc.
872 3995 903 4052 et
922 3989 1118 4070 plurimorum
1140 3994 1218 4052 auct.
1236 4005 1295 4070 pro
1310 4000 1416 4072 parts
1460 3988 1542 4054 Μ

488 4093 552 4156 Sos.
575 4093 673 4174 Bryol.
695 4110 759 4156 eur.

358 4193 496 4258 Neclcro
518 4196 698 4270 (Disticbio)
720 4194 800 4257 Bnro.

444 4297 546 4360 Genus
571 4317 588 4362 e
611 4301 780 4363 numerosis
803 4297 966 4379 speciebus
988 4297 1196 4380 compositum.
