3106 5370
898 374 1039 444 Rryaccae.

778 584 818 651 ll.
847 582 977 653 chcra
997 583 1153 665 budwlgll.

731 741 773 796 Br.
792 742 882 797 Ludw.
901 743 1002 796 sime.
1021 743 1047 794 in
1065 743 1209 798 manaa.

459 880 565 964 Longe
596 881 717 964 lateque
750 883 938 965 caespitum,
971 883 1120 966 caespites
1152 885 1233 968 plani
1264 892 1296 948 et
1324 883 1455 968 depressi
1471 883 1528 945 oue

371 983 494 1050 virides.
540 984 639 1048 Caulis
663 985 866 1067 decumbens,
891 986 1034 1070 simplex,
1065 995 1126 1052 totu
1149 988 1215 1052 lere
1238 988 1423 1073 longitudine
1440 988 1529 1050 radica

371 1087 472 1170 iosus,
504 1089 698 1154 innovatione
728 1091 847 1174 singula
878 1091 934 1154 sub
965 1091 1051 1174 apice
1081 1092 1172 1156 lertili
1204 1093 1420 1178 progrediente
1446 1101 1529 1154 crau

373 1193 455 1255 Folia
478 1193 577 1257 inlime
602 1195 661 1257 late
685 1203 781 1274 ovata,
806 1195 903 1259 inedia
926 1195 1206 1276 ovato-lanceolata,
1230 1196 1423 1261 ascendendo
1438 1199 1529 1278 udor

372 1297 498 1362 cornelia
522 1298 676 1382 elongato·
700 1307 731 1362 et
752 1298 1050 1380 lineali-lanceolata,
1074 1300 1158 1382 apice
1182 1309 1311 1383 serrata,
1335 1302 1465 1384 margine
1483 1301 1528 1362 sub

314 1377 325 1400 ’
371 1401 522 1482 revoluta,
552 1405 650 1465 omnia
675 1411 787 1468 erecta.
834 1403 959 1485 Capsula
991 1405 1021 1466 in
1044 1403 1192 1486 pedicello
1220 1406 1304 1468 tenui
1326 1413 1530 1488 purpurascere

371 1505 437 1567 basi
469 1508 642 1589 geniculato
674 1507 811 1571 llexuosc
841 1507 939 1571 subito
969 1508 1109 1572 inclinato
1144 1516 1176 1572 ot
1206 1510 1355 1592 pendula,
1394 1509 1530 1592 pprilomu

368 1610 481 1676 lenitur
502 1613 637 1693 incurva,
660 1611 738 1675 collo
761 1613 851 1696 longo
872 1613 903 1676 in
925 1612 1105 1694 pediccttun
1128 1621 1283 1678 attenuato
1303 1616 1440 1695 incurro,
1460 1611 1529 1694 spuis

232 1724 238 1736 ·
371 1713 491 1796 impleta
514 1717 741 1801 glauco-viridis
764 1717 919 1798 pruinosa,
944 1717 1051 1800 mollis,
1074 1719 1195 1782 laudern
1217 1719 1346 1784 solidior
1361 1715 1532 1782 dimidiolerr

372 1819 469 1882 minor
491 1820 671 1886 rulo-badia.
705 1821 886 1906 Operculum
902 1840 1037 1904 parvum,
1059 1841 1226 1888 convexum
1242 1824 1435 1908 apiculatum,
1450 1822 1533 1884 tutem

370 1925 619 1991 rubro-cinctum.
651 1927 819 1990 Peristomii
834 1926 943 1989 dentes
959 1925 1222 2008 sulphureo-lutei,
1239 1945 1408 2012 processus
1423 1929 1449 1990 in
1461 1927 1533 1988 can‘n

373 2027 541 2111 interrupte
564 2029 701 2112 hiantes,
733 2031 800 2093 cilia
822 2029 972 2111 solitaria,
1006 2031 1056 2094 bi·
1078 2037 1110 2094 et
1131 2038 1258 2095 urnula.
1305 2031 1409 2113 bryol
1430 2049 1485 2094 eur.
1502 2027 1534 2090 tt.

372 2131 442 2196 'lab
467 2131 540 2196 354.

371 2253 425 2318 ur.
450 2256 605 2337 Ludwipii
626 2257 810 2342 subsimplex
833 2255 1020 2340 ascendens,
1045 2257 1125 2324 loliis
1148 2256 1326 2322 lanceolatis
1352 2253 1534 2320 obtusiusrrit

501 2361 724 2443 ruptinervibus
747 2362 1024 2444 subintegerrimis,
1047 2360 1134 2424 thece
1156 2359 1288 2443 oblonga
1312 2360 1454 2443 pendulo,
1474 2373 1533 2440 oper

501 2466 570 2528 culo
592 2485 740 2530 convexo.
786 2464 950 2530 Scuwnucn.
975 2466 1074 2547 Suppl.
1096 2464 1119 2546 l,
1144 2465 1173 2528 P.
1198 2463 1232 2543 ll,
1255 2484 1283 2546 p.
1308 2461 1365 2544 95,
1390 2473 1410 2528 t
1433 2461 1477 2528 68.

415 2567 495 2630 Bnnn.
520 2568 619 2652 Bryol.
643 2572 721 2636 univ.
766 2570 816 2634 lin.
849 2578 880 2632 et
911 2571 1009 2633 Soura.
1038 2569 1135 2651 Bryol.
1159 2588 1224 2632 cur.
1270 2569 1316 2630 Ds
1339 2567 1465 2632 Nomos
1489 2561 1536 2646 §pl

501 2673 533 2735 C.
558 2673 673 2737 idoneae
697 2676 821 2757 Syncps.
866 2673 1002 2738 Hnnrunn
1026 2673 1137 2738 Skand.
1162 2674 1203 2738 ll.
1248 2673 1345 2740 tuns.
1369 2673 1465 2758 Brpol
1488 2653 1536 2734 ind¹

372 2777 440 2842 Ver.
455 2782 485 2856 β.
501 2781 628 2859 pracile.
658 2779 756 2843 Caulis
772 2779 930 2861 pertenuis
946 2777 1104 2860 lilisormis,
1122 2779 1200 2842 loliis
1217 2779 1390 2842 minoribus
1407 2776 1536 2870 adpreci-¹

501 2882 592 2945 ramis
616 2883 768 2946 sterilibus
791 2883 1002 2968 bulbilligeris.
1535 2877 1536 2880 '

372 2981 489 3067 Brpum
510 2985 629 3064 praeite
653 2986 795 3048 Semelen.
820 2994 870 3049 mt.

458 3105 561 3169 liubit.
585 3105 622 3170 ad
646 3115 757 3171 terram
780 3107 930 3171 humidum
952 3109 1086 3192 regionis
1115 3105 1290 3189 subalpinae
1315 3116 1350 3171 et
1374 3109 1480 3192 alpinae
1498 3117 1536 3184 Μ

374 3211 466 3294 lllpes
488 3210 654 3274 belveticas
677 3221 706 3275 et
728 3212 936 3296 germanicas,
967 3213 997 3275 in
1031 3230 1145 3275 summo
1167 3213 1307 3296 Vogeso,
1345 3213 1378 3276 in
1410 3213 1532 3290 Hermus

371 3316 403 3379 in
435 3316 557 3380 Sudetis
587 3315 661 3378 locis
695 3317 930 3396 Scbneeprabon
965 3323 996 3380 et
1029 3335 1079 3378 am
1114 3315 1329 3380 Weissaocsscr
1366 3317 1418 3380 ubi
1451 3315 1532 3378 brun

371 3421 485 3503 primus
507 3421 599 3506 legit,
622 3419 653 3482 in
670 3421 746 3502 jugo
770 3419 981 3483 scandinavico
1002 3437 1099 3503 usque
1122 3421 1154 3483 in
1177 3420 1297 3483 ultimas
1322 3421 1532 3506 Lsppcciam

372 3523 535 3608 Pyrenaeis
559 3533 590 3588 et
620 3526 651 3586 in
680 3525 798 3587 Scotino
830 3525 998 3605 montibus,
1029 3543 1090 3588 var.
1114 3529 1144 3602 β.
1173 3524 1203 3586 in
1234 3525 1370 3608 regiona
1400 3516 1531 3608 alpina!

371 3630 437 3693 loca
462 3630 601 3693 sabulosa
624 3629 742 3694 humida
765 3629 843 3696 baud
867 3649 937 3695 raro
952 3630 1043 3714 longe
1059 3631 1180 3716 lateque
1197 3630 1324 3715 obtegit.
1365 3627 1532 3696 Eldoutibu·

371 3741 503 3816 rupestr.
527 3733 685 3797 Dnuuuono
708 3735 795 3798 misit.

459 3837 561 3901 Fruct.
585 3845 693 3904 matur.
716 3847 854 3921 tempore
878 3841 1003 3904 aestivo.

442 3959 532 4013 Dillcrt
550 3977 565 4012 a
589 3961 624 4013 W.
642 3961 772 4014 annotina
792 3959 859 4014 loliis
878 3960 1011 4015 latioribus
1029 3961 1110 4030 magia
1121 3954 1272 4028 'conlortir,
1297 3961 1407 4032 capsula
1423 3975 1471 4012 ran
1486 3952 1521 4004 ‘¹³

373 4055 502 4100 auenuato
525 4049 628 4102 incurva
653 4050 685 4100 ad
707 4049 876 4102 maturitatem
904 4067 984 4120 usque
1014 4049 1241 4117 pruinoso-viridi
1272 4050 1415 4117 majusculo
1437 4054 1528 4100 crstofl

373 4131 487 4188 brunner
506 4135 589 4189 aclide
606 4134 683 4188 multo
702 4137 806 4201 minori;
827 4153 880 4190 var.
899 4138 929 4202 β.
948 4151 1048 4204 semper
1065 4137 1090 4188 in
1110 4151 1187 4190 arena
1208 4135 1314 4190 humida
1332 4135 1473 4190 obnmvi.
1488 4147 1527 4182 Ψ

373 4239 448 4294 quam
465 4225 595 4294 copiosius
613 4239 687 4294 quern
705 4225 730 4276 in
743 4240 821 4276 arena
833 4223 938 4292 glaciali
951 4241 1025 4280 rocas
1037 4221 1063 4276 u.
1078 4223 1136 4276 Aur
1149 4239 1231 4291 propa
1244 4223 1386 4294 beqitiure
1399 4219 1526 4276 ,1.οΜ

373 4321 398 4364 et
416 4329 495 4381 prope
515 4315 649 4380 Foprtuert
671 4329 703 4364 m.
722 4309 890 4378 Doercfjcld.
