3104 5368
483 367 624 435 Bryseeae.
1093 345 1158 408 iii

19 553 162 630 sticelleia,
194 556 301 612 exacte
323 544 489 628 sphaerica.
534 535 703 602 Peristomii
725 533 836 596 dentes
859 527 1035 612 regulares,
1065 524 1166 588 roles-

19 669 95 735 eetes,
116 657 211 720 dense
235 651 400 728 articulati,
430 644 604 710 humiditate
628 641 658 704 in
681 656 789 703 conum
813 633 1022 698 conniventes.
1066 628 1167 712 Bryol.

19 781 47 824 ar.
67 761 98 822 iv
130 759 203 823 Tab.
220 753 292 821 319.

20 807 325 964 rysm’copilloceum
359 872 495 954 capsulis
516 868 687 951 sphaericis
717 865 795 926 Dim.
817 861 894 923 llist.
917 857 1013 922 bluso.
1040 873 1069 938 p.
1092 849 1166 932 339,

19 981 311 1170 wmtpmmz
334 1083 469 1148 enthecis
492 1077 605 1142 erectis
628 1071 795 1158 sphaericis
818 1075 900 1144 (eum
923 1066 959 1130 B.
981 1063 1167 1146 ithyphyho)

101 1195 183 1256 ima.
207 1193 256 1274 Sp.
279 1189 319 1254 l’l
341 1208 371 1272 p.
398 1185 491 1251 1580.

19 1301 153 1362 mironio
170 1295 368 1377 pomifoamis
389 1290 491 1354 lisow.
507 1288 556 1370 Sp.
572 1283 667 1347 bluse.
690 1299 717 1362 p.
736 1274 806 1342 iiii.
846 1275 1010 1339 Scawasen.
1027 1271 1128 1355 suppl.
1143 1270 1166 1350 i,

101 1404 129 1466 l'.
143 1400 179 1464 ll.
217 1399 299 1462 Bam.
322 1395 420 1477 Rryol.
436 1391 518 1456 univ.
555 1388 606 1453 Bn.
629 1392 661 1449 et
684 1383 748 1447 Sca.
771 1379 872 1462 Bryol.
895 1395 961 1440 eur.
998 1375 1043 1438 ba
1057 1374 1167 1438 Nema.

101 1503 213 1586 Syllab.
258 1500 300 1582 C.
324 1500 439 1562 librum
471 1496 598 1577 synope.
642 1488 780 1552 llanruan
813 1483 925 1548 Skand.
959 1479 1001 1546 si.
1046 1479 1166 1540 Wnson
1292 1543 1295 1548 ,

19 1605 373 1792 orirorffheyoiiiziiimuc.
394 1706 497 1768 minor
519 1700 675 1764 Wumaue.
697 1695 740 1758 iii.
762 1693 840 1775 lepp.
885 1691 968 1753 Wse.
991 1694 1022 1750 et
1044 1686 1138 1750 uma.

19 1835 45 1880 u.
60 1823 84 1890 ,i
100 1819 225 1898 crispo,
256 1812 377 1890 elatior,
409 1806 567 1893 gracilior,
596 1801 675 1866 loliis
697 1797 901 1882 longioribus,
930 1790 1166 1876 angustioribus,

98 1921 237 1983 siccitate
260 1912 572 1988 cimbalo-tortilibus,
604 1904 725 1987 capsula
756 1901 807 1964 vix
840 1917 930 1980 supra
954 1895 1165 1961 innovationes

103 2021 243 2086 novellas
267 2022 353 2086 elata.

19 2129 136 2210 crispo
159 2128 283 2191 Swaarz
307 2125 345 2188 ii.
368 2125 456 2187 Sacc.
500 2117 656 2181 waamm.
678 2112 721 2176 Fi.
743 2111 822 2191 lepp.
860 2107 940 2172 Baio.
964 2104 1062 2188 Bryol.
1085 2105 1166 2168 univ.

60 2249 157 2312 liubit.
191 2248 223 2310 in
254 2247 371 2327 rupium
402 2239 520 2304 lissuris
554 2244 585 2300 ei
615 2233 653 2299 ad
690 2242 802 2296 terram
834 2209 998 2310 lapidosam
1030 2225 1166 2308 regionis

19 2353 149 2431 maestris
173 2359 335 2414 montosae
366 2355 396 2411 et
426 2351 586 2408 montanae
613 2341 706 2404 lodus
737 2337 893 2417 Europae,
925 2335 956 2395 in
984 2331 1081 2394 medie
1112 2348 1168 2413 per

19 2463 91 2516 untes
112 2470 284 2518 irenaceos
308 2459 340 2515 et
361 2451 526 2534 graniiieos
549 2444 773 2529 copiosissimu3
807 2457 869 2501 var.
884 2441 914 2514 β.
930 2436 1005 2500 locis
1019 2432 1166 2500 humidio-

19 2573 57 2618 rus
76 2565 106 2619 ei
127 2559 158 2619 in
182 2557 312 2638 regione
335 2561 474 2616 meamne
497 2551 657 2633 superiore
679 2548 727 2609 vel
750 2547 780 2608 in
802 2561 878 2607 zone
902 2539 1020 2623 frigida.
1156 2611 1158 2616 ,

58 2661 156 2724 Fruet.
180 2667 295 2724 moiun
319 2658 413 2738 blojo,
436 2656 537 2722 lunio.

45 2779 128 2833 lieres
147 2795 231 2847 saepe
258 2776 402 2844 complures
425 2777 453 2828 in
478 2773 560 2828 caulis
584 2769 681 2824 novelli
705 2769 847 2824 summitate
871 2767 1047 2836 reperiuntur,
1073 2763 1167 2818 anthes

19 2863 46 2914 ih
60 2876 84 2916 et
100 2867 268 2935 nebegoaiis
285 2879 386 2932 semper
404 2862 436 2914 ab
454 2861 564 2916 invicem
590 2857 658 2911 loliis
682 2854 884 2909 involucralib'us
902 2854 992 2922 paucis
1004 2851 1164 2906 solummodo

38 2955 99 3005 ntis.

19 2967 96 3091 *Van
115 3041 144 3104 β.
165 3041 192 3090 in
213 3039 334 3089 montium
354 3036 472 3088 altiorum
490 3033 556 3086 locis
574 3031 684 3084 humidis
702 3029 815 3082 hobitum
838 3027 869 3078 ll.
883 3025 1059 3077 Hellsrienos
1076 3024 1179 3086 induit,¹

19 3125 103 3178 licellis
116 3125 280 3195 longioribus
294 3135 319 3176 et
330 3123 398 3176 loliis
407 3122 475 3174 haud
486 3117 663 3189 vaginantilrus
675 3127 759 3170 aulem
769 3117 849 3186 ptimo
862 3114 984 3181 adspectu
997 3111 1166 3178 distinguitur.

276 3299 279 3311 Α
357 3281 387 3348 a.
417 3277 588 3346 emam·
608 3245 790 3344 aurarum.

451 3419 539 3471 iimw.
558 3417 636 3484 stirp.
656 3413 688 3468 ii.

60 3541 216 3623 Gaespites
240 3540 339 3624 magni
362 3547 567 3604 tumescentes
590 3537 713 3615 molles,
734 3553 864 3598 amoene
886 3527 1015 3610 virides,
1046 3525 1165 3589 inferne

19 3653 104 3706 nenio
126 3644 229 3708 denso
253 3644 427 3707 inscieulato
451 3643 628 3726 ferrugineo
649 3639 812 3730 intertexti.
857 3636 937 3699 Folia
960 3652 979 3696 e
1005 3631 1071 3696 basi
1093 3629 1165 3693 sub-

19 3748 127 3828 uinante
160 3750 312 3812 albicante
341 3747 473 3828 undique
505 3745 634 3828 patentia
665 3745 713 3807 uel
744 3738 955 3818 subsecanda,
986 3737 1064 3799 sicca
1094 3732 1166 3796 sub-

19 3867 114 3932 uausa,
135 3853 234 3937 longe
257 3859 389 3932 setacea,
412 3858 520 3936 argute
544 3856 668 3914 serrata.
701 3849 807 3911 Flores
830 3842 1052 3928 praecedentis.
1090 3835 1165 3918 Cap·

19 3953 44 4014 la
72 3955 101 4018 in
128 3954 283 4039 pedicello
311 3956 397 4018 brevi
426 3956 536 4017 leniter
566 3961 688 4016 arcuato
719 3951 891 4034 sphaerica,
929 3961 1022 4028 saepe
1054 3942 1165 4019 binata,

19 4060 159 4124 novatione
183 4079 202 4124 e
227 4060 303 4123 llore
319 4060 463 4123 continua
478 4057 514 4122 ad
531 4059 608 4121 latus
626 4055 744 4140 dejecta
760 4059 800 4120 ita
816 4063 848 4117 ut
863 4051 995 4116 axillaris
1018 4046 1166 4123 videatur,

19 4159 70 4223 late
103 4163 300 4247 ferruginea,
337 4164 481 4245 operculo
516 4165 629 4226 minuto
666 4158 952 4225 convexo-conice.
991 4151 1165 4235 'Peristomii

19 4273 82 4328 mles
103 4269 331 4344 airobrunaei,
355 4268 489 4330 siccitate
513 4265 637 4330 incurvi.
682 4265 780 4348 Bryol.
805 4281 868 4327 eur.
891 4261 939 4339 iv,
963 4258 1033 4322 l'ab.
1050 4253 1122 4319 320.

19 4405 91 4464 man
109 4391 194 4470 foliis
216 4391 361 4453 methim
383 4389 544 4467 metatu,
566 4391 640 4452 setis
662 4389 849 4450 bewissimis
863 4385 1013 4460 oloribus,
1030 4375 1165 4458 capsulis

103 4497 200 4557 oeotis
225 4493 340 4558 limera
362 4495 436 4558 llist.
461 4495 549 4576 Stirp.
571 4491 649 4556 hele.
672 4493 730 4556 tab.
753 4490 828 4555 45«

900 4589 958 4642 27'
