3336 5352
457 1269 976 1382 luuuouuuulo.

571 1669 674 1756 lare
710 1670 857 1777 prima.

110 1859 332 1964 &robetae
363 1860 536 1946 cumana
569 1863 881 1966 orgauograplrica
906 1867 1012 1965 anm
1036 1796 1313 1964 nnntmtca

662 2270 732 2352 un.
754 2269 776 2335 u

355 2407 416 2477 Do
444 2402 729 2504 propagationis
755 2407 876 2482 modis
902 2408 1079 2482 diversis.

512 2563 539 2625 s.
559 2563 581 2615 l.
617 2565 665 2616 De
681 2564 920 2628 germinatione.

204 2698 380 2762 lluscorum
404 2701 582 2783 germinatio
604 2719 671 2765 uum
694 2703 743 2766 illa
764 2703 969 2785 Sphagoorum
993 2707 1082 2782 atque
1105 2699 1314 2782 uepaumrun

111 2803 242 2864 omnino
264 2804 424 2885 congruit,
454 2819 557 2866 eorum
586 2813 689 2868 contra
721 2805 852 2868 evolutio
884 2802 1097 2887 prothalloidea
1121 2805 1200 2866 notis
1223 2803 1314 2865 certis

112 2909 288 2990 discrepat,
318 2923 501 2988 muscaeque
526 2909 645 2990 proprie
670 2909 768 2972 dictos
791 2911 870 2971 inter
892 2914 1030 2970 caeteras
1054 2907 1223 2970 lluscineas
1246 2921 1315 2989 per·

113 3011 196 3074 teuc
221 3010 390 3092 distinguit.

203 3115 370 3178 Granulum
387 3113 547 3197 seminale,
564 3137 662 3198 epora
676 3118 724 3180 vel
740 3117 914 3199 rporidium
930 3115 1055 3195 dictum,
1079 3133 1096 3177 c
1113 3113 1227 3178 duabus
1244 3132 1316 3177 con·

115 3221 194 3282 sistit
208 3219 339 3298 cellulis,
364 3237 488 3302 quarum
504 3227 639 3300 extenta,
663 3223 720 3284 sub
736 3223 858 3284 nomine
878 3220 1037 3302 perisporii
1053 3226 1132 3300 nota,
1155 3237 1211 3302 pro
1233 3236 1316 3282 more

120 3325 243 3387 solidior
275 3324 354 3387 haud
385 3343 455 3390 raro
486 3325 625 3407 asperula
655 3327 831 3408 plerumque
864 3324 967 3386 colare
999 3323 1119 3405 proprio
1142 3324 1232 3386 tincta
1256 3329 1315 3401 est,

126 3435 154 3488 et
177 3447 305 3512 quarum
336 3430 453 3492 interna
482 3437 627 3492 externae
657 3432 820 3514 contigua,
852 3426 969 3507 mollis,
999 3427 1131 3508 lupolina,
1167 3427 1316 3490 clementa

126 3535 198 3596 varia
218 3534 258 3597 ad
275 3534 526 3616 germinationem
547 3535 719 3598 necessaria
742 3533 930 3615 (ammoneo,
955 3529 1211 3614 chlorupiryllosa,
1235 3531 1316 3592 olea·

122 3655 174 3701 cea
193 3640 269 3719 etc.)
294 3639 438 3702 continet.

202 3745 302 3826 Spore
323 3743 459 3824 perlecta
482 3750 595 3806 matura
617 3742 783 3807 humiditati
805 3743 953 3824 mandata,
976 3742 1164 3814 incremento
1187 3739 1316 3803 cellulae

118 3847 195 3910 illins
216 3849 359 3911 internae
389 3855 448 3910 tam
470 3848 666 3912 vehementer
687 3850 836 3932 turgescit
863 3857 896 3910 ut
918 3845 1112 3928 exosporium
1140 3842 1316 3926 disrumpat,

118 3949 308 4034 liberumque
342 3953 455 4014 exitum
488 3953 639 4016 vesiculae
669 3951 852 4035 primordiali
884 3949 1135 4034 germinationem
1168 3946 1319 4010 inchoanti

123 4055 273 4136 praebeat.
307 4057 373 4131 Quo
390 4056 468 4120 laeto
483 4058 614 4121 vesicula
631 4057 705 4120 haec
721 4057 750 4118 in
767 4057 924 4118 utriculum
940 4063 1078 4138 augetur,
1095 4052 1132 4116 ab
1149 4049 1317 4135 flardengis,

124 4173 291 4222 maerorum
315 4161 544 4245 germinationis
566 4163 662 4245 primo
678 4160 845 4240 detectura,
866 4157 1176 4241 pseudocotptedoaia
1197 4156 1318 4218 nomine

122 4263 299 4347 munaum,
322 4283 340 4328 a
355 4267 577 4330 recentioribus
600 4284 639 4330 eo
652 4265 889 4347 monodryurrir
903 4281 959 4326 seu
971 4259 1196 4343 protonernotir
1217 4257 1317 4342 desig-

122 4374 234 4434 natum.
278 4369 431 4432 Utriculus
453 4371 502 4434 hic
523 4369 801 4453 proembryonalis,
824 4367 962 4432 cellulam
987 4364 1168 4430 matricalem
1192 4363 1318 4448 prirnor-

123 4473 228 4538 dialem
259 4475 394 4554 sisteos,
424 4473 648 4559 diaphragmate
677 4473 797 4556 singulo
824 4471 989 4554 parietibus
1018 4467 1258 4554 perpendiculari
1288 4467 1318 4529 in
1374 4505 1376 4510 ι

126 4579 244 4642 cellulas
276 4577 353 4640 duas
377 4577 534 4659 dividitur,
566 4595 690 4661 quarum
713 4576 833 4658 ultiara,
861 4575 1023 4640 matricalis
1051 4572 1178 4638 secundi
1205 4568 1319 4634 ordinis

198 4690 342 4740 Senium,
363 4689 480 4744 synopsin.
1150 4675 1164 4728 1
