3140 5372
848 349 854 358 '
873 349 1034 422 uppnapcae.

804 523 1108 595 narnensem.

822 666 907 720 Scnra.
925 665 1014 735 Brpci.
1032 679 1086 718 cnr.

449 788 613 870 caespituli
642 787 799 870 depressi,
837 787 949 852 viridas
984 796 1016 850 et
1052 785 1161 850 leniter
1194 785 1414 860 iuscescentas,
1445 779 1521 862 apcci

367 893 468 957 Caulis
492 893 599 973 mollis,
624 893 733 976 pallide
755 893 870 974 viridis,
893 891 1033 973 uncialis,
1055 910 1145 974 parce
1168 891 1284 954 divisus
1301 895 1331 950 et
1346 905 1428 970 parca
1442 903 1518 946 nnn
1563 915 1564 962 p

364 998 464 1076 iosus,
498 998 640 1061 radiculis
671 1001 828 1080 perpaucis
851 1006 952 1062 terrae
976 997 1101 1061 adfixus.
1147 995 1227 1058 Folia
1256 993 1371 1056 caulina
1390 991 1520 1053 mundns
1563 985 1564 1060 i

356 1101 445 1180 cula,
479 1102 623 1165 ramulina
647 1101 802 1182 conserta,
833 1104 964 1185 patentia
988 1109 1019 1164 ct
1041 1097 1359 1180 flexuoso-patentia,
1386 1095 1521 1158 launna

365 1208 549 1291 angustiora,
573 1208 750 1288 acuminata,
767 1207 815 1271 vel
830 1209 946 1289 apicula
959 1207 1034 1271 dolio
1050 1205 1232 1288 aequilcngo
1246 1199 1522 1266 lanceolata-loricata
1564 1231 1565 1274 p

366 1311 451 1374 valde
475 1311 613 1375 flexuosa
636 1313 798 1392 instructa,
831 1314 911 1377 sicca
934 1313 1089 1375 imbricata
1112 1309 1331 1393 subrugulosa,
1363 1304 1523 1368 subniterta.
1564 1341 1565 1360 i

367 1415 547 1480 Pericbaetii
566 1415 699 1479 ramulus
722 1415 876 1498 radicans,
900 1417 970 1481 folia
993 1419 1112 1480 interna
1134 1415 1291 1500 elongata,
1322 1419 1439 1488 crecta,
1467 1427 1525 1486 ngr·

365 1521 476 1598 nantia,
500 1520 599 1583 subito
621 1521 776 1602 spiculata.
822 1521 969 1604 capsulae
992 1520 1157 1603 pedicelius
1179 1516 1368 1601 longitudine
1384 1513 1527 1576 mediceris

364 1605 483 1687 inferne
505 1624 635 1704 rubens,
668 1642 799 1708 superne
823 1623 959 1707 pallidus.
1006 1624 1141 1706 Galyptra
1165 1620 1281 1701 albida,
1311 1621 1397 1704 apice
1418 1617 1523 1682 ustulata

275 1730 278 1757 ³
365 1726 463 1810 Bryol.
489 1745 553 1794 eur.
576 1729 611 1806 V,
634 1729 704 1794 Tab.
721 1725 794 1792 454.

368 1851 521 1915 Tbedeaia
543 1853 667 1914 suecica
689 1850 788 1933 Bryal.
811 1867 914 1932 europ.
939 1851 958 1916 l.
983 1869 1008 1913 c.

365 1959 509 2040 Hypatam
531 1959 683 2019 suecicacm
705 1957 842 2018 flauum
865 1953 974 2020 Skand.
997 1954 1038 2019 lu.

453 2079 556 2142 liubit.
580 2079 610 2140 in
635 2079 761 2144 sueciae
784 2078 936 2162 provincia
959 2078 1146 2156 Herpeduten
1165 2075 1216 2138 ubi
1239 2077 1269 2139 in
1293 2076 1445 2138 montibus
1461 2075 1536 2136 aas

368 2185 517 2266 rafjetdet,
551 2184 819 2266 Funaeadabberp
849 2189 880 2246 et
902 2184 1076 2264 Mudmnqen
1104 2181 1266 2243 Tnsnsnrus
1290 2197 1372 2243 anno
1398 2177 1528 2262 iutupn‘

368 2306 433 2350 naus
458 2287 541 2369 legit

453 2393 556 2456 Fruct.
579 2399 691 2457 macer.
715 2399 840 2458 aestate.

438 2511 504 2566 Giar.
523 2514 641 2566 Hanunea
660 2515 769 2596 plantans
788 2525 898 2568 nostram
911 2517 978 2566 inter
991 2515 1081 2581 Hypsa.
1096 2513 1336 2580 (Hermotimi
1349 2515 1480 2566 uriam
1490 2525 1540 2580 para

368 2609 394 2652 et
412 2599 444 2652 11.
464 2601 676 2667 (Hydccomc'un)
704 2618 895 2670 epternacum,
924 2619 981 2655 curn
1005 2601 1097 2670 quibus
1121 2617 1154 2654 nc
1181 2601 1313 2654 minimam
1340 2603 1446 2672 quidem
1471 2599 1540 2652 aab·

368 2687 480 2740 tudinem
499 2687 581 2741 offert.

849 2850 972 2914 Fam.
1001 2849 1078 2912 lv.

847 2985 1078 3058 fluununu.

455 3139 534 3202 Folia
556 3139 652 3204 laevia
673 3140 783 3222 mollia,
806 3139 998 3204 subscariosa
1013 3148 1044 3202 et
1058 3141 1205 3220 scariosa,
1228 3142 1426 3208 areolationc
1441 3151 1542 3226 enpust

369 3245 562 3308 rhomboides
585 3243 902 3309 lineari-rhomboides
924 3252 955 3306 et
976 3245 1175 3308 vermiculari.
1222 3244 1367 3328 Calyptra
1392 3249 1543 3332 plerum

369 3366 467 3429 parva.
512 3347 638 3431 Capsuda
660 3349 817 3412 rarissime
840 3355 942 3412 erecta
964 3349 1176 3430 unmetrica,
1211 3347 1344 3430 plurimo
1368 3361 1500 3438 tempure
1517 3371 1541 3410 rr

370 3460 474 3515 erecta
498 3453 564 3515 basi
586 3453 708 3516 incurva
737 3453 786 3515 uel
817 3469 930 3516 cernua
963 3459 994 3515 et
1024 3451 1219 3517 burizuntalis
1253 3473 1383 3522 sursum
1416 3467 1544 3542 epecnu

369 3557 464 3620 intere
487 3555 625 3640 turgida,
662 3557 838 3642 peristomio
861 3557 1012 3639 perfectu,
1049 3557 1169 3621 interno
1201 3561 1409 3642 processibus
1443 3573 1472 3628 et
1491 3563 1547 3624 dib

370 3662 526 3724 rarissime
555 3661 729 3744 imperfecta
757 3661 920 3726 adarmatis
942 3663 1109 3740 instructo,
1143 3666 1265 3727 externi
1288 3663 1439 3732 dentibus
1460 3669 1546 3750 longus

371 3763 572 3829 solidiusculis
594 3765 695 3846 luteis,
719 3766 863 3831 aurantiis
878 3767 927 3830 vel
950 3766 1067 3847 rutulis,
1084 3766 1180 3830 deuse
1204 3776 1235 3832 ct
1251 3768 1445 3838 densissime
1460 3775 1545 3835 aruba

372 3869 455 3948 tatis,
490 3869 569 3932 intus
592 3870 782 3934 trabecutatis
806 3878 837 3933 et
859 3869 1039 3952 lameiiosis,
1073 3873 1270 3954 processibus
1293 3878 1444 3941 carinatis
1469 3879 1546 3940 deus

370 3971 556 4055 longitudine
579 3974 777 4056 aequantibus
800 3975 928 4058 integris
951 3975 999 4038 vel
1021 3975 1052 4038 in
1075 3977 1153 4040 linea
1176 3977 1304 4042 carinaii
1329 3981 1546 4047 dehiscentibus

371 4076 446 4140 ciliis
470 4077 513 4140 bi·
537 4088 568 4144 et
590 4081 734 4160 ternatis,
766 4079 885 4163 longis,
918 4079 997 4142 baud
1019 4099 1088 4144 raro
1110 4079 1147 4146 ad
1170 4083 1409 4152 intentationes
1430 4100 1546 4172 appetu

371 4181 486 4246 culatis.
