3104 5368
463 337 664 392 lloolaerieeoao.
1097 333 1158 394 477

23 515 151 576 romodon
168 513 396 594 cureperiuntur
418 511 511 575 lloorn
529 517 560 574 et
575 512 660 575 Taua.
681 511 774 576 lluso.
790 510 862 574 Brit.
900 511 1159 576 mamistan.

100 617 143 680 Du
164 619 291 682 Norasrs
315 617 386 697 Syll.

23 723 157 784 nlitriolrio
179 721 394 802 ourts'pendulo
415 717 494 784 Bnm.
517 719 616 801 Bryol.
639 720 719 781 univ.
764 719 815 782 Ba.
833 727 865 781 et
888 721 951 784 Soa.
974 719 1073 800 Bryol.
1096 737 1160 782 eur.

100 827 220 889 Wnson
242 824 341 904 Bryol.
364 823 435 889 Brit.

23 935 84 1004 ω.
99 931 270 1012 hispanico.
315 928 425 992 Crules
464 927 636 991 secundarii
674 927 852 1012 breviores,
891 927 1016 990 densius
1050 927 1160 1010 loliosi,

98 1035 156 1096 illis
194 1033 399 1096 Leraoodontr's
437 1033 565 1096 maxime
603 1030 729 1096 slmiles.
775 1031 992 1096 Perichaetium
1029 1034 1161 1116 longius,

99 1138 211 1202 arctius
234 1139 387 1222 saginans.
426 1135 555 1218 Capsuln
577 1137 607 1199 in
631 1135 779 1217 pedioello
801 1136 941 1198 breviore
957 1137 1062 1198 stricto
1078 1138 1161 1200 elon·

98 1241 360 1326 gato-cylindrioe,
384 1239 432 1302 laio
454 1240 514 1302 illio
535 1239 647 1304 leniter
669 1239 801 1302 curnula.

58 1363 159 1428 Hoou.
189 1361 227 1426 ad
258 1362 398 1427 arborum
430 1360 640 1441 sylvaticarum
671 1367 814 1436 truncos,
850 1358 888 1423 ed
919 1378 991 1424 saxa
1020 1363 1162 1426 umbrosa

23 1467 102 1548 pionis
126 1467 305 1548 campestris
328 1472 484 1530 montosae
508 1471 538 1528 et
560 1465 697 1548 regionis
720 1471 899 1543 montanae,
924 1467 1085 1547 praecipue
1109 1485 1164 1548 per

23 1589 74 1632 nam
96 1569 308 1633 intermediam
330 1569 558 1649 copiosissime3
588 1587 651 1632 var.
674 1571 703 1644 β.
727 1568 756 1632 iu
784 1568 911 1649 rupibus
939 1570 1028 1632 siccis
1050 1571 1162 1650 apricis

23 1678 112 1738 nntium
141 1675 415 1738 Sierro-lloreoo
444 1681 476 1736 et
507 1671 544 1736 ad
579 1689 681 1736 muros
713 1672 791 1735 lrorti
815 1673 991 1736 monasterii
1013 1673 1164 1738 temnat

23 1781 128 1860 spaniae
151 1782 292 1861 copiose,
325 1779 423 1840 rarius
451 1785 549 1840 tannen
583 1777 808 1839 fructificantem
840 1777 918 1859 legi,
952 1777 981 1837 in
1016 1776 1160 1842 sussexta

23 1883 95 1964 pliae
129 1882 182 1958 (cl.
206 1883 339 1954 llrrran).
384 1881 430 1944 Ex
453 1879 632 1961 Abyssinlae
661 1879 812 1942 montibus
834 1879 882 1943 W.
905 1880 1043 1943 &uranon
1075 1882 1164 1943 steri-

23 1989 142 2052 nmlsit.
487 1971 490 1982 ’
1140 1983 1146 1992 “

55 2091 159 2152 Fruct.
184 2097 297 2152 molor.
319 2088 424 2170 Aprili.

42 2211 133 2262 Uaulea
151 2211 298 2262 secundarii
316 2208 486 2276 semipedales
510 2217 536 2260 et
562 2206 667 2275 pedales
692 2207 868 2274 reperiuntur,
892 2207 948 2274 plus
973 2210 1054 2260 nriuur
1073 2211 1166 2262 ramosi

23 2300 179 2366 eminusque
205 2297 358 2365 regulariter
375 2293 624 2362 pinnato-ramulosi.
662 2293 796 2346 Caeterum
826 2311 912 2362 porum
943 2299 1038 2354 verint,
1066 2299 1114 2348 nisi
1140 2299 1166 2348 in

23 2383 222 2450 rurreridlouali,
241 2384 285 2436 nbi
305 2399 358 2435 var.
378 2383 406 2446 β.
426 2381 548 2433 ollonnal.

412 2641 722 2652 ..—..---...-e—--——-

467 2813 590 2931 unum
620 2795 678 2930 lu.

333 3003 801 3082 nonuunmonan.

53 3166 177 3230 Plantae
203 3165 313 3230 molles
336 3163 476 3246 parvulae
500 3163 548 3226 vel
571 3163 773 3245 proceriores,
797 3163 1008 3246 irregulariter
1032 3183 1169 3228 ramosae

26 3287 109 3350 parce
140 3270 338 3347 ramulosao,
371 3268 449 3331 loliis
481 3269 617 3352 angardis
647 3269 795 3352 elongatis
825 3266 957 3349 undique
987 3270 1168 3350 patentibus,

40 3373 104 3436 letis
137 3374 242 3438 oratis
276 3378 307 3434 et
339 3371 582 3450 subrotundatis,
610 3372 805 3453 complanatis
835 3371 883 3434 vel
904 3372 971 3434 laxe
994 3373 1168 3452 imbricatis,

23 3481 158 3542 eteritis.
211 3475 430 3540 Perichaetium
454 3476 485 3537 in
513 3476 629 3540 ramulo
656 3474 860 3558 perlehaetiali
887 3476 1067 3540 brevissimo
1091 3477 1169 3539 radi·

23 3587 53 3642 ue
75 3585 186 3663 breve,
213 3599 232 3644 e
249 3580 328 3644 loliis
345 3580 446 3662 paucis
462 3580 669 3662 compositum.
705 3577 841 3660 Celyptra
857 3581 961 3642 nouioa
978 3579 1169 3660 aeliminata,

23 3687 35 3744 n
63 3688 267 3770 subintegro‚
301 3683 398 3746 lobata
421 3682 468 3746 vel
491 3683 583 3764 longe
612 3682 726 3760 ciliata,
760 3682 854 3745 laevis
887 3683 935 3745 uel
964 3683 1109 3765 pupillosa
1139 3692 1171 3749 et

25 3787 104 3852 idota.
153 3788 292 3872 capsula
316 3788 475 3850 suberecta
483 3833 493 3866 ,
528 3805 641 3850 cernua
664 3793 694 3849 et
715 3785 926 3864 horizontalis,
960 3789 990 3848 in
1022 3788 1170 3869 pedicello

23 3897 47 3954 ni
75 3897 122 3958 vel
158 3892 335 3976 pupilloso,
373 3891 432 3954 alte
460 3890 553 3968 elata,
592 3890 669 3954 haud
700 3907 770 3951 raro
800 3891 916 3954 scabra.
962 3891 1170 3954 Peristornium

23 4015 106 4078 pnum
130 3999 251 4080 duplex
275 3995 433 4078 regulare,
468 3996 585 4056 externi
608 3979 715 4056 dentes
737 3993 1048 4058 lanceolato·subulati
1071 3995 1168 4060 dense

23 4101 113 4164 ¹ioulati
136 4104 223 4166 linea
249 4099 300 4162 vel
330 4100 414 4160 sulca
446 4096 651 4181 longitudinali
682 4098 791 4176 notati,
824 4099 935 4161 interni
964 4117 1170 4180 prooessuse

23 4207 142 4270 umbraue
167 4204 296 4268 basilari
319 4201 386 4284 plus
411 4201 508 4263 miuus
531 4201 669 4266 distincta
692 4201 839 4282 producti.
