3140 5372
359 373 421 440 bil
772 352 778 366 '
872 383 1033 452 llypnaeese.

360 559 463 624 caules
486 558 658 624 secundarii
680 557 797 622 robusti
818 558 1021 624 ascendentes
1045 559 1093 622 vel
1121 559 1373 638 ernusto-erecti,
1406 575 1479 639 ruge
1499 555 1538 614 ml

360 667 475 746 apicem
499 681 606 726 versus
630 663 990 745 fasciculam-ramulum,
1024 663 1147 727 rumulis
1170 664 1305 728 incuruis
1327 664 1376 726 vel
1399 661 1539 724 nexuosis

361 767 460 832 Plenta
483 769 615 834 mascula
644 767 774 834 leminea
805 769 956 852 gracilior.
1000 767 1081 832 Folia
1116 770 1245 852 patentia
1279 787 1407 852 magne,
1441 765 1542 828 ebusi

360 880 520 958 amuleta
544 871 727 936 decurrente
749 874 809 936 late
838 879 926 937 ovata
949 881 980 938 et
1002 873 1252 958 ovato-oblonga,
1285 874 1389 937 subito
1423 871 1545 934 breuiter

362 979 547 1058 acuminata,
580 995 711 1042 concava
735 978 813 1042 baud
837 978 969 1059 sulcata,
1003 980 1138 1061 margine
1169 979 1328 1062 explanata
1357 976 1408 1040 vel
1429 975 1545 1038 relicua

362 1090 445 1148 costa
475 1083 559 1145 tenui
590 1082 667 1145 ultra
699 1081 828 1146 medium
862 1083 1013 1146 continua.
1060 1083 1186 1165 capsula
1217 1085 1247 1145 in
1277 1081 1430 1166 pedicello
1452 1097 1548 1143 crasso

363 1186 471 1251 scabro
493 1188 746 1252 incurvo-cernua
769 1195 800 1251 et
821 1187 1026 1268 horizontalis,
1051 1207 1169 1270 magna,
1192 1187 1433 1264 rulobrunnea,
1455 1193 1548 1250 ovato

361 1293 491 1378 oblonga
520 1293 568 1356 vel
600 1291 722 1376 turgide
756 1298 861 1372 ovata,
894 1292 1007 1374 solida,
1042 1292 1186 1375 operculo
1220 1309 1331 1378 magno
1354 1293 1465 1355 conice
1489 1291 1547 1350 snb

360 1405 500 1462 rostrato.
530 1396 667 1460 Annulus
684 1402 714 1458 ot
730 1397 936 1479 peristomium
953 1401 985 1460 ut
999 1396 1030 1459 in
1045 1397 1099 1460 Br.
1117 1397 1270 1461 rutabula.
1307 1395 1413 1478 Rryol.
1431 1413 1495 1458 eur.
1510 1393 1547 1454 tu

361 1500 431 1564 'lab
452 1499 524 1566 546.

362 1623 505 1707 Hypuum
533 1625 671 1687 rtoulure
699 1622 802 1690 Buucre
833 1625 864 1686 in
891 1624 995 1689 sobed.
1040 1623 1177 1688 Hartman
1207 1623 1319 1688 Skand.
1347 1623 1392 1686 ΡΙ.
1441 1623 1551 1684 Wrasos

272 1799 282 1818 ἢ
491 1727 590 1810 bryol.
613 1726 685 1790 Brit

361 1831 442 1914 Hyp.
466 1832 641 1896 metabulum
662 1849 724 1896 rur.
745 1830 914 1913 ducamus
936 1833 1034 1896 linum
1057 1841 1108 1897 mt.
1132 1850 1169 1898 an
1192 1829 1336 1896 Brideliit

362 1937 442 2019 Hyp.
466 1938 706 2020 chrysostomum
729 1936 839 2016 (lirun.)
862 1937 895 2000 G.
919 1938 1033 2000 llorere
1058 1939 1183 2021 Synops.
1224 1938 1278 2013 (Η.
1304 1937 1460 2018 chrysost.
1487 1935 1548 1998 llrru

492 2061 551 2105 non
575 2042 710 2105 adhunc
733 2043 863 2124 pertinet
895 2043 1029 2124 speciem
1055 2043 1108 2106 sed
1132 2042 1169 2108 ad
1193 2041 1247 2104 Br.
1269 2043 1468 2125 plasmasset,
1493 2051 1554 2102 uto

492 2147 657 2230 specimine
681 2145 820 2231 originali
843 2144 975 2210 herbarii
998 2145 1181 2212 lloolrcriani
1204 2147 1328 2222 elucet).

449 2268 551 2332 liubit.
574 2270 611 2334 ad
634 2269 834 2353 scaturigines
865 2268 1042 2351 sylvaticas,
1076 2271 1106 2332 in
1129 2271 1211 2334 saxis
1241 2278 1273 2334 et
1295 2269 1393 2332 muris
1417 2269 1552 2354 irrigetis.

363 2371 400 2436 ad
425 2391 497 2438 suna
519 2374 682 2437 rivulorum
706 2375 826 2458 saepius
850 2373 992 2437 inundata
1026 2375 1162 2458 regionis
1190 2377 1374 2456 campestris
1407 2383 1552 2438 montosae

363 2477 453 2542 totius
477 2478 542 2542 lere
565 2478 714 2562 Europae,
738 2487 785 2543 sat
800 2480 925 2562 copiose
946 2479 1001 2542 sed
1017 2486 1230 2544 commutatum
1247 2479 1298 2543 vel
1313 2479 1354 2542 ob
1371 2477 1552 2562 frequentet

365 2583 554 2648 sterilitatem
576 2584 758 2666 neglectum.
849 2597 857 2616 ·

450 2689 552 2752 Fruot.
576 2695 686 2751 mutor.
710 2695 880 2752 auctumno.

436 2812 485 2863 dtr.
504 2813 627 2863 rutatulo
644 2809 789 2879 robustius,
817 2811 884 2864 baud
907 2827 966 2864 raro
988 2810 1238 2878 subdendroideum,
1265 2811 1399 2880 caespites
1429 2831 1477 2882 pro
1501 2803 1569 2886 aurp

365 2908 538 2952 tumescentes
557 2897 705 2965 efformem,
733 2907 759 2951 et
785 2909 912 2952 caeterum
938 2897 1006 2952 iuliis
1032 2897 1165 2951 latioribus
1190 2897 1259 2950 baud
1283 2896 1394 2950 solentis
1421 2903 1549 2955 nirentih

366 2984 470 3040 lloribus
489 2987 659 3040 didicissetis
678 2987 831 3040 distinctum.

810 3176 839 3228 A.
878 3177 931 3228 ΒΓ.
951 3177 1112 3244 plumosa.

815 3295 932 3352 Florus
951 3287 1103 3352 monoic'i.

704 3439 748 3506 18.
777 3437 1024 3522 ltraclytleutun
1049 3441 1217 3522 populeum.

798 3581 863 3652 llgp.
882 3581 1021 3651 populeum
1039 3583 1126 3638 dnm.

454 3703 612 3787 caespites
634 3703 771 3787 demissi,
796 3705 976 3786 subserieei,
1000 3704 1122 3770 virides.
1167 3701 1270 3768 Cuulis
1294 3705 1483 3789 prolepens,
1505 3703 1550 3764 tu·

368 3809 729 3891 ciculum-radiculosus,
769 3812 860 3876 rumis
890 3812 1133 3895 subsimplicibus
1171 3812 1219 3874 vel
1252 3811 1423 3874 ramulosis
1457 3811 1551 3892 spiren

369 3933 478 3980 versus
502 3917 662 3979 attenuatis
686 3919 953 3982 erecto·incurvis
975 3917 1025 3980 vel
1048 3917 1171 3980 erectis.
1216 3915 1301 3980 Folia
1323 3924 1437 3980 cuuto·
1464 3925 1491 3978 et
1511 3913 1542 3974 ud

368 4019 672 4104 longo-lanceolata,
701 4025 813 4087 sensim
843 4023 1033 4108 longiuscula
1061 4022 1246 4102 acuminata,
1270 4038 1410 4086 eunom
1435 4033 1550 4100 ΜΨ

291 4153 295 4164 ·
369 4125 466 4206 plena,
489 4143 621 4208 superne
645 4135 771 4207 serrata,
793 4135 876 4194 costa
899 4130 1042 4212 usquein
1058 4129 1173 4226 apicem
1189 4125 1391 4210 procedente.
1431 4125 1567 4223 Culppmp

369 4229 541 4312 majuscula,
565 4230 700 4299 candida.
746 4231 873 4316 Capsula
895 4235 924 4296 ln
947 4233 1096 4317 pedicello
1119 4249 1273 4316 purpureo
1298 4249 1438 4314 superne
1460 4231 1548 4292 tendo

369 4334 478 4397 scabro
500 4334 625 4400 inlerne'
642 4336 776 4402 sublaevi
799 4356 922 4418 cernua,
939 4339 1060 4424 turgide
1077 4337 1171 4402 uvalis
1187 4337 1236 4402 vel
1252 4337 1398 4419 elliptica,
1415 4341 1544 4400 eutttru‘t

369 4437 531 4519 subnitida,
554 4439 767 4523 deoperculata
790 4443 870 4507 sicca
893 4461 948 4507 ore
970 4450 1142 4528 angustata,
1166 4441 1314 4526 operculo
1330 4437 1446 4506 tumide
1461 4449 1544 4502 rorou

370 4549 457 4606 aerrto
489 4543 536 4607 vel
566 4546 772 4629 subrostrato,
811 4547 923 4612 annulo
956 4558 1095 4636 angusto.
1141 4549 1311 4612 l’eristomii
1342 4547 1453 4612 dentes
1479 4543 1544 4604 tute.
