3238 5352
813 265 977 326 haodtetia.

761 536 788 598 §-
811 535 839 586 8.
858 535 906 586 De
922 532 1032 586 sonu.

384 657 499 720 Omnes
532 656 678 720 haetenus
713 655 864 720 observati
897 657 991 720 blusoi
1022 656 1102 722 loliis
1132 655 1279 720 distinctis
1310 655 1497 738 regulariter

301 759 465 825 eli'ormatis
488 761 625 824 instructi
648 762 848 842 reperiuntur.

385 865 466 930 Folio
488 863 729 942 borizontaliter,
752 863 851 926 rarius
875 861 1007 945 oblique,
1030 864 1184 928 rarissime
1207 863 1392 926 vertioaiiter
1413 863 1496 926 oauli

300 969 415 1032 inserta
446 977 524 1033 sunt.
570 967 734 1030 collocatio
757 985 862 1030 eorum
884 985 1005 1048 semper
1031 968 1204 1046 alternans,
1239 967 1268 1030 id
1291 973 1340 1030 est
1362 967 1498 1048 spiratis,

303 1071 469 1134 secondum
486 1069 662 1153 pbpilotaxis
685 1070 783 1153 leges,
807 1089 864 1134 neo
886 1075 1020 1154 opposita
1043 1091 1101 1134 neo
1123 1072 1309 1151 vertibilitate,
1332 1071 1497 1152 reperitur.

301 1177 382 1239 Folia
406 1175 531 1239 disticha
554 1175 626 1258 (Ἀ)
650 1175 724 1238 duas
746 1175 861 1240 scilicet
883 1175 982 1239 series
1004 1177 1164 1241 verticalcs
1196 1177 1351 1255 sistentia,
1383 1176 1497 1255 rarius,

303 1280 435 1343 tristicia
459 1279 531 1362 (ss)
555 1280 759 1360 frequentius,
791 1287 894 1360 penta·
925 1287 956 1342 et
983 1280 1149 1344 octostioba
1172 1279 1247 1362 (ἧς,
1272 1280 1329 1364 ys)
1353 1279 1500 1361 lreqrren-

302 1386 418 1448 tissime
440 1393 622 1462 occurrunt3
646 1389 799 1446 coeterum
823 1383 892 1448 lolia
908 1383 1073 1447 seeundum
1095 1385 1218 1448 ordines
1243 1383 1311 1467 ³l1„
1327 1381 1397 1468 ΒΑΗ
1424 1381 1498 1464 ml„

302 1488 446 1570 disposito
470 1487 548 1551 haud
570 1505 638 1560 rara
661 1495 746 1567 sunt,
778 1494 862 1550 utet
885 1488 954 1552 lolia
977 1489 1174 1570 dispositione
1198 1485 1276 1572 ψῃ,
1306 1484 1400 1568 ¹¹5„
1425 1485 1499 1570 'lm

303 1591 378 1673 *sne
406 1591 508 1676 usas,
534 1589 590 1676 ⁷fan
614 1599 672 1654 ⁰2⁰·

390 1695 520 1759 Ordines
543 1697 693 1759 normales
716 1713 806 1760 unum
829 1698 859 1758 in
882 1697 1007 1760 alterum
1030 1697 1097 1760 sine
1119 1697 1310 1780 prosentbesi
1334 1705 1500 1759 trmseun-

303 1809 350 1864 les
374 1801 403 1862 in
426 1800 563 1882 plurimis
587 1800 749 1882 speciebus
783 1799 1064 1882 deprehenduntur3
1096 1803 1140 1864 sic
1170 1801 1302 1864 tristiehu
1331 1799 1401 1864 tolia
1423 1817 1501 1882 pen—

304 1903 428 1968 tastioba
460 1912 490 1967 et
513 1903 621 1966 debinc
643 1905 805 1968 octosticba
830 1904 919 1984 dunt,
951 1914 984 1969 ut
1006 1913 1038 1970 et
1067 1906 1229 1970 octostioba
1260 1904 1443 1987 pentastielra
1467 1911 1503 1966 et

304 2005 491 2090 pentasticba
524 2007 676 2086 tristicia,
716 2026 788 2072 vera
819 2010 942 2074 disticha
974 2019 1077 2074 eontra
1108 2010 1330 2074 constantiores
1362 2015 1433 2070 sunt
1466 2017 1502 2072 et

304 2127 374 2175 raro
403 2118 563 2174 mutantur.
611 2111 691 2174 Folia
715 2113 851 2194 ejusdem
882 2115 946 2175 axis
978 2131 1100 2195 semper
1123 2114 1319 2176 bomodroma
1342 2111 1503 2195 reperiun-

305 2224 369 2296 tur,
402 2217 503 2278 axium
532 2216 717 2278 diversarum
747 2216 930 2296 antidroma3
963 2234 1024 2298 quo
1046 2217 1077 2280 lit
1099 2225 1132 2280 ut
1157 2217 1225 2280 lolia
1248 2235 1349 2280 ramea
1373 2213 1504 2278 carlinis

305 2335 426 2402 semper
454 2321 518 2382 lere
541 2320 707 2383 antidroma
731 2321 962 2402 conspiciantur.

393 2424 542 2486 Foliorum
566 2423 714 2486 ordinatio
737 2424 812 2487 baec
841 2423 992 2508 regularis
1015 2425 1111 2506 primo
1133 2425 1240 2487 intuitu
1272 2423 1338 2506 plus
1362 2426 1504 2490 minusve

306 2525 442 2590 distincta
464 2533 597 2608 apparet.
638 2527 718 2590 Folia
742 2529 908 2605 birerr'oto,
941 2530 1117 2608 trisse-iota,
1148 2531 1398 2612 qrrinquererr'ota
1418 2538 1505 2610 sunt,

306 2647 373 2692 oum
402 2631 609 2694 imbricatione
633 2639 733 2694 nnutua
757 2631 855 2692 series
879 2632 1040 2695 verticales
1064 2633 1093 2712 2,
1119 2631 1150 2712 3,
1173 2633 1204 2710 5,
1228 2633 1368 2696 distincte
1391 2634 1506 2715 promi·

308 2740 415 2796 nentes
451 2731 592 2796 elilciunt.
639 2735 688 2796 Sic
719 2733 748 2794 in
772 2734 932 2797 Eurticbio
962 2744 994 2799 et
1022 2737 1173 2800 Diadcbr'o
1204 2736 1271 2801 lolia
1301 2736 1507 2818 pulcherrime

308 2837 450 2900 insertos
477 2835 610 2916 uidebis,
641 2839 670 2899 in
693 2839 851 2900 Fontinali
877 2841 1083 2920 antipprctioa
1105 2841 1195 2922 inque
1226 2841 1340 2902 Maesio
1363 2841 1508 2902 tristicia

218 2929 227 2956 ⁸
308 2940 469 3020 triseriala,
486 2940 731 3022 quinqueseriate
748 2941 778 3002 in
795 2941 990 3021 Conostomo,
1014 2945 1044 3006 in
1060 2945 1217 3007 amenlulls
1232 2941 1374 3006 masculis
1389 2943 1508 3025 sphag-

308 3062 414 3107 norum
438 3045 643 3126 plurimorum.
690 3043 1014 3126 ili-tri-quinque-laria
1037 3045 1174 3109 dicuntur
1205 3046 1273 3110 lolia
1296 3061 1422 3128 quorum
1445 3046 1504 3108 im·

309 3149 433 3212 brioetlo
466 3149 619 3230 spiraliter
645 3149 781 3231 procedit
812 3151 918 3222 (oaobs
951 3149 1086 3212 torsione
1118 3147 1165 3210 vel
1196 3148 1373 3228 parasticbis
1401 3147 1509 3212 ortbo-

309 3251 402 3316 srteba
429 3253 607 3332 velantibus,
632 3255 679 3316 rel
694 3253 952 3335 perturbantibus)
976 3252 1138 3334 pluresque
1161 3251 1254 3314 lineos
1271 3253 1399 3334 spirales
1422 3253 1511 3318 circa

310 3355 426 3420 caulem
470 3357 687 3422 circumscribit
730 3375 858 3439 cumque
903 3356 1052 3440 spiraliter
1092 3354 1270 3438 angulosum
1309 3355 1428 3436 reddit,
1473 3365 1512 3421 ut

311 3459 446 3542 exempla
474 3459 503 3520 in
528 3461 676 3523 Grimrnlo
697 3463 809 3542 sonuli,
833 3469 922 3542 atque
946 3469 1105 3542 torquato,
1130 3461 1159 3522 in
1185 3461 1394 3540 Aaoectoaqio
1417 3479 1511 3524 oon·

309 3573 415 3647 poeto,
441 3581 595 3646 saepeque
618 3565 647 3627 in
670 3567 810 3646 Spboprri
833 3567 987 3648 oeutlsolir
1009 3565 1166 3628 amentolis
1189 3571 1333 3644 prostant.

399 3667 477 3730 Folia
505 3669 635 3730 ornniurn
658 3669 829 3732 Moesorum
853 3669 972 3732 sessilis
995 3675 1065 3730 sunt
1080 3668 1256 3750 caulemque
1272 3667 1337 3730 basi
1360 3684 1413 3730 soa
1438 3667 1511 3750 plus

314 3771 450 3834 minusue
476 3771 710 3854 amplectuntor3
741 3789 802 3836 non
833 3789 925 3856 pouea
949 3774 1083 3854 margine
1106 3773 1269 3834 decurrunt
1291 3771 1374 3836 rlolia
1397 3771 1512 3836 decur-

312 3875 441 3955 rentia),
465 3873 545 3938 unde
568 3878 662 3940 caulis
687 3878 851 3962 ongomsus
874 3877 921 3938 vol
945 3876 1040 3939 alatus
1064 3875 1197 3950 videtur,
1219 3883 1253 3936 ut
1276 3877 1306 3937 in
1329 3875 1414 3938 linio
1435 3893 1513 3938 rer*-

313 3987 399 4057 rnlo,
437 3982 466 4044 in
495 3981 578 4062 Brpo
602 3983 730 4044 Horatii
752 3989 782 4044 ot
806 3983 904 4044 anellis
929 3981 1003 4043 aliis.
1054 3978 1177 4057 Omnia,
1202 3977 1336 4061 quamuis
1359 3985 1511 4062 antonna,

313 4082 411 4146 donec
426 4085 618 4166 eornrptiono
638 4093 867 4164 consumuntur,
890 4083 1070 4166 persistent3
1095 4081 1171 4146 baud
1194 4100 1263 4146 raro
1284 4089 1388 4148 costae
1411 4081 1511 4164 udae,

313 4186 438 4270 spinulis
462 4187 539 4250 band
565 4188 742 4268 dissimiles,
767 4187 796 4250 ln
818 4187 904 4252 caule
925 4187 1087 4266 anoqsiora
1108 4185 1249 4250 madore
1273 4187 1474 4252 inveniuntur.

402 4290 697 4364 moelnambo
721 4291 828 4374 quibos
860 4291 928 4356 lolia
959 4293 1038 4354 inter
1059 4309 1094 4353 se
1116 4298 1326 4370 remorantur,
1355 4291 1510 4356 Masta

315 4394 363 4459 vel
386 4403 505 4459 remoto
527 4395 666 4460 dicuntur
689 4397 758 4462 lolia
780 4396 828 4462 illa
850 4415 927 4480 quae
959 4403 1020 4460 tota
1048 4413 1104 4460 sua
1132 4393 1317 4478 longitudine
1340 4393 1388 4459 rel
1410 4397 1511 4480 magis
