3140 5372
237 452 243 460 1
364 359 427 422 5⁸8
879 361 1041 430 llypnaceae.

361 535 547 617 submutica,
582 540 679 603 antica
702 545 733 601 et
757 539 874 620 postica
897 538 1242 621 complanato-concava
1265 533 1399 601 lateralia
1420 539 1539 602 subcon-

360 644 479 727 plieata,
503 643 567 707 basi
591 651 694 707 costae
719 644 787 726 loeo
810 643 943 706 breviter
966 643 1089 724 bistria,
1116 644 1251 726 margine
1274 639 1413 706 obs'olete
1434 657 1536 708 senata

361 749 579 813 Pericbaetium
603 749 669 814 laxe
699 749 904 829 imbricatum,
938 748 1017 812 loliis
1052 749 1168 811 sensim
1198 748 1374 810 acuminatis
1406 753 1536 812 constatb.

362 853 490 935 capsula
513 853 606 916 oralis
629 863 661 918 et
683 854 829 938 oblonga,
865 853 1062 932 subincurva,
1094 853 1322 932 brunnescens,
1354 855 1435 916 sicca
1465 873 1537 916 ratur

362 961 418 1022 sub
441 976 495 1021 ore
518 959 605 1021 valde
629 961 807 1039 constricta,
843 959 953 1022 annulo
984 959 1062 1036 lato,
1084 957 1232 1040 ,operculi
1261 965 1364 1021 rostro
1398 977 1538 1042 sporanpo

362 1065 512 1128 breviore.
545 1063 712 1128 Peristomii
729 1063 837 1128 dentes
854 1065 941 1127 latius
956 1063 1115 1126 lamellosi.
1146 1062 1246 1146 Bryol.
1264 1081 1331 1125 eur.
1348 1065 1383 1143 V,
1401 1064 1468 1128 Tab.
1481 1065 1538 1128 ile.

361 1188 440 1270 Hyp.
466 1189 641 1269 depressum
664 1184 750 1250 Bucn.
775 1195 825 1249 mt.
872 1186 904 1250 G.
929 1185 1045 1249 blt'uuun
1070 1186 1198 1267 Synops.
1236 1185 1358 1250 Wnson
1374 1185 1468 1270 Brpol.
1482 1185 1531 1248 Brit

360 1293 440 1375 Hyp.
464 1295 634 1374 consertum
657 1311 724 1355 our.
750 1293 927 1373 depressum
951 1289 1309 1372 Bnro.Bryol.univ.11,
1334 1310 1362 1373 p.
1387 1292 1457 1356 tot.

359 1399 544 1481 Rbpncboet.
570 1398 746 1478 depressum
768 1397 818 1462 Bn.
842 1404 874 1459 et
897 1397 961 1461 Sca.
984 1395 1084 1478 Bryol.
1108 1414 1173 1458 eur.

445 1521 548 1586 liubit.
582 1519 618 1583 ad
648 1537 720 1584 saxa
749 1528 780 1584 et
810 1537 903 1602 rupes
933 1517 1074 1582 umbrosa
1107 1516 1257 1601 qua'rzosa
1287 1519 1388 1582 rarius
1410 1519 1535 1582 calcanea

358 1647 414 1711 per
436 1614 544 1690 zonam
568 1625 795 1706 intermediam,
828 1625 865 1689 ad
899 1643 971 1688 saxa
1004 1625 1141 1688 arenaria
1171 1641 1265 1705 prope
1299 1623 1470 1706 Biponten,
1499 1627 1536 1688 ubr

359 1732 395 1796 cl.
418 1731 513 1795 Bnucn
545 1731 678 1812 detexit,
712 1732 741 1794 in
776 1730 926 1793 umbrosis
958 1729 1037 1792 arcis
1071 1727 1344 1811 Heidelbergensis
1377 1731 1536 1812 caespitibus

357 1837 424 1901 latis
448 1837 532 1900 socio
558 1837 613 1898 lib.
637 1835 842 1916 rotondisolio
866 1841 913 1896 sat
935 1833 1079 1914 copiose,
1114 1834 1143 1895 in
1179 1833 1315 1914 pluribus
1337 1835 1456 1898 arcibus
1476 1839 1535 1900 anti·

359 1943 426 2024 quis
450 1941 562 2024 Vogesi
586 1948 617 2002 et
640 1939 869 2022 sylvae-nigrae
893 1938 1071 2015 observavi,
1095 1939 1125 2000 in
1150 1937 1259 2021 Augila
1283 1939 1402 2002 sterile.

446 2049 548 2110 Fnocl.
575 2053 685 2108 motor.
710 2050 882 2106 auctumno.

426 2169 536 2220 bladium
555 2177 624 2220 tenet
642 2169 708 2220 inter
727 2167 777 2220 lib.
796 2165 943 2218 misum
961 2175 988 2218 et
1007 2166 1058 2218 lib.
1076 2165 1246 2234 confer-tatae,
1269 2184 1286 2219 a
1311 2169 1396 2236 primo
1413 2169 1534 2220 d'atimn

357 2266 452 2310 etatum
472 2256 576 2321 majori,
602 2254 670 2306 loliis
690 2252 822 2306 latioribus
840 2254 924 2304 miuus
944 2251 1020 2320 longe
1039 2253 1192 2306 acuminatis
1209 2263 1265 2307 rete
1284 2257 1420 2324 angustius
1438 2255 1527 2308 exbiberi

251 2393 255 2400 .
357 2345 433 2410 tibus,
451 2342 641 2396 inflorescentiu
660 2343 752 2408 dioica,
772 2339 877 2408 capsula
897 2339 987 2406 majori
1006 2339 1130 2406 solidiori,
1150 2341 1266 2409 operculi
1280 2353 1365 2396 rostro
1379 2347 1458 2396 minus
1470 2355 1531 2395 tenu·

358 2433 506 2484 usecundo
529 2431 613 2482 dillert
637 2428 768 2482 loliatione
793 2429 875 2496 magis
899 2427 1066 2496 complanata,
1094 2425 1164 2479 loliis
1183 2431 1376 2497 angustioribus
1401 2430 1531 2484 mollioriba
1564 2487 1565 2498 γ

358 2520 440 2573 minua
460 2519 580 2570 distincte
599 2518 702 2570 serratis
722 2515 852 2582 constatis,
872 2511 975 2566 floribus
993 2515 1124 2566 monoicis.

685 2727 713 2792 5.
744 2724 1013 2808 libynoiostcgiuu
1036 2725 1214 2793 malerten.

678 2881 761 2950 Hypo.
780 2882 923 2935 conlertum
942 2881 1026 2936 Dacus.
1049 2881 1136 2951 Crppt.
1156 2881 1230 2936 Fare.

444 3021 601 3103 caespites
634 3021 777 3102 demissi,
813 3021 987 3102 laxiusculi,
1021 3023 1098 3085 laete
1121 2991 1259 3086 'virides
1307 3022 1409 3087 Cauiis
1441 3023 1527 3086 dirim

356 3128 555 3210 subpinnatim
580 3127 762 3206 ramulosus,
786 3125 909 3189 ramulis
933 3128 1053 3192 erectis.
1098 3127 1180 3189 Folia
1203 3128 1272 3190 laxe
1294 3125 1525 3210 complanatam

355 3232 454 3296 omnia
478 3231 729 3312 erecto-patentia
753 3239 784 3292 et
806 3231 904 3313 patula
928 3250 998 3294 raro
1023 3226 1234 3312 subsecanda,
1260 3233 1524 3296 ovato-acuminata.

269 3329 277 3343 '
355 3338 490 3420 margine
523 3343 640 3398 remote
680 3337 846 3416 serrulnta,
886 3339 1087 3400 semicostata.
1133 3337 1263 3419 Capsuln
1286 3356 1418 3418 cernua,
1453 3346 1523 3400 orata.

354 3443 508 3522 annulata,
542 3441 685 3522 operculo
716 3441 917 3518 subplirostro
952 3443 1340 3528 spornngioaequilongo.
1385 3437 1522 3506 Peristbni
1561 3509 1562 3514 ἵ

355 3545 462 3608 dentes
481 3545 580 3624 solidi,
597 3544 779 3608 densissime
796 3544 955 3624 articulati,
973 3547 1053 3608 intus
1070 3553 1199 3628 anguste
1216 3547 1368 3627 lamellati,
1388 3555 1522 3630 processu

354 3649 390 3712 ad
414 3649 544 3714 carinam
567 3651 618 3711 vix
641 3649 846 3712 dehiscentes.
892 3649 991 3732 Bryol.
1015 3667 1080 3712 eur.
1105 3653 1139 3730 V,
1164 3651 1235 3717 Tab.
1252 3653 1326 3718 510.

355 3771 434 3852 Hyp.
458 3775 629 3854 consertum
651 3772 737 3834 caule
760 3780 904 3854 repente,
937 3773 1015 3834 loliis
1048 3773 1142 3835 oratis
1165 3776 1342 3838 acuminatis
1367 3773 1520 3838 sabamae

482 3877 589 3958 patulis
629 3877 817 3941 mediotenus
857 3879 1041 3958 uuinerviis,
1079 3879 1225 3962 operculo
1257 3881 1397 3944 subulato
1425 3883 1519 3942 arcuato

354 3977 495 4054 (Dromon
518 3981 601 4042 Fasc.
625 3990 719 4063 crypt.
745 3981 805 4048 llll.
852 3983 937 4045 Suum
960 3983 1038 4048 Flor.
1062 3981 1134 4046 Brit.
1159 3983 1205 4064 lll,
1231 4003 1259 4067 p.
1288 3983 1377 4048 leot.

398 4083 563 4148 Sonwnscn.
588 4085 686 4167 Suppl.
712 4085 733 4162 l,
757 4086 786 4150 P.
811 4085 845 4166 ll,
892 4086 971 4148 Bnm.
1000 4086 1101 4170 Bryol.
1130 4091 1211 4152 univ.
1256 4089 1301 4152 Ds
1322 4089 1441 4154 Nomms
1466 4083 1516 4162 Syll

483 4187 619 4252 linnrmu
643 4190 753 4254 Skand.
778 4191 818 4252 it.
864 4190 896 4252 Ο.
922 4191 1036 4254 bibisse
1060 4193 1131 4274 Syn.
1178 4193 1302 4257 wnsor
1325 4193 1419 4276 Bryol.
1441 4189 1495 4252 unt

355 4289 538 4371 libpnobost.
563 4295 734 4374 consertum
756 4293 806 4358 Bu.
832 4303 863 4358 et
887 4295 950 4360 Son.
974 4294 1073 4379 Bryol.
1098 4315 1162 4360 eur.

433 4411 544 4489 ,liubit
569 4413 604 4475 ad
623 4433 695 4478 saxa
720 4423 750 4478 et
773 4435 876 4480 muros
899 4419 1056 4498 umbrosa,
1091 4418 1128 4483 ad
1160 4419 1276 4502 lapides
1309 4421 1337 4483 in
1368 4413 1510 4482 duam

354 4514 450 4577 rarius
484 4515 520 4598 ad
555 4519 694 4582 arborum
727 4519 861 4602 radices,
896 4524 1072 4605 praesertim
1107 4543 1163 4606 per
1193 4543 1300 4590 zonam
1330 4519 1507 4588 anamma·
