3238 5352
576 416 742 470 introductio.
1160 412 1258 469 mill

71 597 124 652 tntu
144 609 161 654 a
181 591 304 674 capsula
327 591 408 655 adeo
429 588 568 654 «inuncta
589 591 739 673 reperitur
762 597 796 654 ιιι
818 589 956 654 formatio
971 589 1102 674 genuine
1126 589 1256 652 medium

74 697 141 758 inter
161 695 343 777 pedicellum
365 702 458 777 atque
480 696 630 778 capsulam
652 703 763 760 tenens
785 695 932 761 videatur.
976 693 1164 777 Apopbpsis,
1187 712 1255 778 cap-

74 801 128 862 sula
148 801 214 882 ipsa
238 816 362 880 semper
385 801 500 884 maior,
534 819 572 863 ex
596 817 689 882 opere
720 797 866 862 celluloso
889 798 1017 862 allicitur
1040 797 1093 860 illo
1115 799 1256 879 capsulae

77 904 196 966 molliore
228 903 457 966 succulentiore
488 911 579 986 atque
608 905 827 966 incrementum
858 921 945 966 suum
969 903 1161 965 continuante
1185 901 1255 965 dum

77 1008 200 1088 capsulae
224 1007 359 1070 evolutio
388 1006 476 1090 plane
504 1008 639 1070 absoluta
668 1024 839 1088 sporaeque
869 1006 1003 1089 perlecto
1029 1013 1162 1069 nonturno
1185 1007 1255 1069 sint.

76 1111 186 1174 Formae
209 1128 286 1192 qums
310 1129 366 1192 pro
388 1111 518 1174 diversis
541 1110 703 1193 speciebus
726 1110 822 1173 induit
851 1129 910 1174 non
940 1111 1038 1172 minus
1061 1111 1162 1173 variae
1185 1116 1257 1172 sunt

76 1233 152 1296 quam
172 1217 328 1298 pigmenta
351 1216 461 1296 oporibus
487 1216 519 1278 in
540 1214 675 1298 pluribus
704 1213 848 1297 superbit.
894 1213 1055 1296 Solonenica
1079 1221 1128 1276 est
1149 1230 1255 1294 capsu-

74 1319 177 1400 lamquc
209 1320 419 1402 magnitudine
454 1327 576 1401 superat
607 1320 636 1381 in
668 1319 824 1400 Splacltno
861 1319 976 1400 praoill
1012 1325 1043 1379 et
1079 1319 1254 1396 uasculoro,

74 1423 239 1486 merlaria
261 1424 292 1485 in
316 1423 497 1504 pedicellum
520 1423 686 1485 decurrens
710 1424 741 1484 in
756 1423 821 1504 Spl.
838 1423 1040 1504 ampullaceo,
1063 1421 1255 1484 umbraculi·

77 1528 169 1604 formo
188 1527 320 1590 maxima
343 1529 374 1588 in
396 1529 461 1609 Spl.
483 1527 579 1590 rorbro
602 1535 632 1590 et
655 1527 745 1608 lateo,
770 1527 927 1591 turbinato
949 1527 979 1588 in
1003 1525 1259 1606 Tetroplodooti-

83 1631 141 1708 bum
159 1632 393 1694 otro-oiolacca
414 1631 599 1713 conspicitur
621 1631 651 1692 in
674 1631 792 1694 duobus
810 1631 915 1714 primis
939 1630 1112 1712 speciebus,
1135 1629 1256 1692 nitido-

81 1754 216 1814 propmea
239 1736 275 1796 in
298 1736 363 1816 Spl
379 1735 486 1813 mbae,
508 1733 710 1824 pulcherrime
732 1737 814 1798 lateo
835 1735 866 1796 in
889 1735 953 1816 Spl.
977 1736 1067 1811 lateo,
1091 1735 1258 1815 ubo-rma

82 1836 356 1920 mleaaplodcorte
377 1841 506 1902 moioidi
527 1845 585 1901 elo.

154 1941 314 2006 Caeterum
337 1944 515 2005 innumerae
537 1942 646 2005 dantur
676 1942 771 2024 ipsius
785 1943 936 2024 ‘capsulae
967 1942 1100 2026 figurae,
1131 1957 1256 2023 quarum

75 2048 240 2129 praecipuas
270 2046 462 2110 solummodo
483 2045 530 2108 bio
552 2046 664 2109 celero
705 2045 866 2129 sphaerica
890 2048 1073 2128 conspicitur
1095 2047 1125 2108 in
1147 2043 1256 2107 Arolos·-

73 2150 141 2228 dr'a’a,
171 2153 201 2212 Ιιιι
231 2151 370 2232 plurimis
393 2150 598 2227 Burtrurna'is,
630 2152 660 2213 in
683 2151 888 2233 Cntcrcopio,
921 2153 1021 2214 oculis
1050 2149 1099 2212 vel
1122 2150 1262 2230 elliplica.

73 2260 190 2336 unaque
212 2256 405 2319 extremitate
427 2255 546 2336 aequali
569 2254 729 2318 rotundato
751 2255 959 2338 longitudincli
988 2254 1135 2317 diametro
1157 2260 1256 2314 trans-

71 2357 212 2422 uersalem
241 2358 289 2422 bis
313 2360 394 2422 cirea
416 2366 579 2440 superante
603 2360 634 2421 in
658 2359 806 2422 Grimmia
828 2361 929 2438 oculi,
953 2361 983 2420 in
1005 2358 1117 2420 Fissid.
1139 2351 1258 2418 adime

70 2463 153 2540 toidi3
176 2469 271 2526 oculo
292 2463 342 2526 vel
364 2464 527 2544 ocisormis
549 2463 647 2525 ebasi
663 2461 831 2543 rotundata,
856 2465 970 2546 apicem
985 2479 1094 2524 versus
1110 2460 1257 2522 diametro

70 2567 174 2628 sensim
197 2566 399 2630 decrescente
422 2574 456 2629 ιιι
478 2568 508 2629 in
529 2549 639 2645 Vcitia,
662 2569 692 2628 in
715 2566 911 2630 Ortlrotm'clto
935 2567 1089 2643 anomala,
1113 2565 1144 2626 in
1165 2564 1258 2626 Ano-

71 2672 187 2750 colyptu
216 2671 410 2748 lanceolata,
443 2671 475 2732 in
505 2672 678 2735 Fontinalir
709 2671 889 2752 speciebus,
930 2669 1195 2751 elonputo-ooalir
1226 2674 1264 2728 et·

70 2775 322 2854 etoeputo-ooctc
344 2793 421 2838 oum
436 2773 550 2858 sigorae
573 2773 638 2853 bac,
662 2775 756 2838 uvalis
781 2792 889 2858 nempe
913 2783 944 2838 et
966 2781 1071 2852 ovata,
1107 2774 1136 2834 in
1159 2771 1256 2853 longl-

70 2876 194 2940 tudinom
216 2877 433 2958 extendantur,
457 2887 490 2942 ut
513 2880 543 2942 in
565 2879 720 2956 Barbatio,
744 2880 952 2957 llocomitriis,
976 2881 1007 2940 in
1029 2877 1167 2954 boebeis,
1190 2877 1257 2957 Pp-

70 2981 203 3060 bum,
236 2984 396 3046 cunonis
426 2990 501 3063 etc.;
531 2984 893 3064 stampato-cylindrocea
916 2991 946 3046 ct
967 2981 1197 3062 aubcplindricn
1227 2979 1258 3042 in

71 3085 199 3150 osam
220 3085 396 3166 llupellcri,
428 3089 607 3168 lonpt'solo'o,
630 3088 792 3167 cooperio,
816 3089 845 3149 in
868 3087 994 3150 Atriclro
1019 3091 1201 3167 onporctoto,
1226 3085 1256 3145 in

71 3189 243 3272 Emutpptie
264 3189 412 3272 plurimis,
436 3191 466 3252 in
485 3191 614 3254 Tlooida'o
637 3191 782 3268 abietinm
806 3193 1006 3284 lamnmoclnp
1022 3198 1098 3270 etc,
1122 3190 1258 3253 allocuta

73 3311 127 3356 tun
148 3307 239 3358 ovata
263 3295 433 3374 invertitur,
457 3296 488 3357 in
503 3297 606 3358 Pottia
628 3301 781 3372 tmancoto,
805 3296 837 3357 in
852 3297 1004 3376 Sclo'perio
1027 3299 1203 3369 recuruato,
1226 3292 1257 3353 in

75 3395 150 3478 Bryis
173 3405 206 3460 et
229 3399 380 3461 Facundia
403 3399 571 3478 nonnullis,
593 3400 777 3479 ppoisocmir
799 3418 866 3461 oum
890 3399 1017 3461 obovata
1034 3401 1117 3480 apice
1134 3395 1253 3459 dilatata

74 3499 183 3585 basiam
206 3504 249 3582 (i.
275 3523 304 3566 e.
326 3503 448 3578 collol)
470 3510 620 3565 attenuato
644 3509 733 3583 atquc
766 3503 904 3587 elongato
936 3504 1135 3585 conspicitur,
1169 3507 1202 3562 ut
1224 3501 1257 3562 in

69 3603 142 3686 Bryo
155 3607 341 3689 ppo-isonat,
364 3609 553 3683 internwdio,
577 3608 747 3678 coacullnto,·
769 3609 1065 3688 oculo-paismatica
1087 3613 1119 3667 ιιι
1142 3606 1171 3666 in
1187 3605 1254 3667 Po·

68 3711 188 3790 lptriclo
209 3714 366 3792 formoso,
387 3713 518 3792 proclii,
541 3712 745 3790 amanpalooi
766 3712 817 3772 ubi
839 3711 960 3793 capsula
984 3717 1089 3792 pente·
1112 3715 1142 3770 et
1165 3708 1256 3769 bexa-

69 3832 136 3892 goua
159 3815 284 3894 evadit,
309 3817 667 3896 quadrato-prismoto'oa
688 3815 737 3876 vel
761 3817 918 3878 tetraidra
940 3833 1007 3877 cum
1031 3815 1141 3896 prisma
1163 3819 1255 3874 tetra-

70 3937 170 3998 gonum
196 3921 283 3982 sistit
305 3927 340 3980 ut
354 3921 391 3980 in
414 3920 530 4000 Polytr.
561 3919 727 3994 communi,
744 3920 943 3999 juniperum,
964 3920 1109 4000 pilil'er03
1137 3916 1258 3996 oblique

72 4023 205 4102 depressa
237 4041 308 4086 cum
331 4040 393 4085 uno
416 4023 511 4085 latere
533 4041 667 4084 convexa
690 4021 786 4085 altero
810 4024 933 4104 suplana
957 4031 1021 4101 est,
1054 4028 1086 4083 ut
1113 4022 1142 4083 in
1165 4018 1257 4082 Bac-

75 4127 209 4224 lop'o'u
240 4146 441 4208 coonprecaa,
474 4127 590 4189 duobus
622 4127 769 4189 lateribus
801 4127 910 4188 leniter
942 4143 1132 4208 compressa,
1164 4131 1197 4185 ut
1227 4125 1257 4184 in

77 4230 226 4314 l’ritopilia.
275 4231 405 4294 Formae
429 4228 484 4292 bae
507 4228 647 4294 diversae
669 4248 730 4292 non
759 4248 881 4312 semper
909 4238 1015 4293 exacte
1046 4229 1257 4310 symmetricae

78 4333 495 4416 reperiuntur,cepsulaeque
518 4333 595 4397 baud
617 4353 684 4399 rara
700 4342 863 4398 occurrunt
885 4336 935 4416 qui
959 4352 1020 4397 uno
1043 4335 1136 4396 latere
1159 4331 1256 4415 magis

82 4455 213 4504 lomene
236 4439 376 4505 evadunt
398 4456 487 4520 quarn
503 4439 608 4518 altaro,
632 4438 712 4502 unde
734 4441 924 4502 ventricosus
946 4438 1096 4518 dicuntur,
1119 4445 1154 4499 ut
1174 4453 1254 4516 caps.

82 4541 229 4628 lliptpsarii,
251 4546 429 4610 &immina
442 4543 617 4622 otrodonlio,
640 4545 780 4621 crinitae,
800 4545 1040 4624 plopiopcdiae;
1061 4544 1193 4606 tome
1207 4546 1259 4602 est
