3106 5370
544 313 687 384 Brpaceaa.
741 292 742 296 Ἰ
1149 313 1211 378 82¹1

9 511 97 574 »rope
131 494 290 556 llr'ttersitl
319 492 499 575 Pinzgcviae
531 492 629 568 (amic.
662 491 773 554 sinam
806 500 838 555 et
867 510 927 576 ego
956 493 1053 574 lpse),
1084 493 1114 556 in
1145 495 1210 578 Alp.

9 615 155 661 lerneus.
189 596 484 676 (basma-bosran),
507 614 602 678 prope
618 597 728 660 Meron
742 597 859 680 Tyrolis
883 597 988 662 merid.
1005 598 1210 672 (Bissonum).

9 701 145 764 iormam
170 700 340 764 normalem
364 719 531 784 omnesque
559 701 755 764 transitiones
787 701 824 764 ad
854 702 1016 764 varietates
1043 701 1210 786 harumque

10 809 281 870 ransmutaticnes
304 806 417 888 pluries
442 805 477 868 ad
511 804 640 867 lodinam
675 806 918 869 Scbwurawand
950 825 967 868 e
999 824 1074 889 rupe
1098 807 1211 872 talcosa

9 912 319 992 'arrugineu-cuprea
343 911 497 972 lormatarn
521 907 720 990 pulcherrime
743 909 915 974 observavi:
941 929 1001 976 var.
1017 916 1046 988 β.
1064 912 1137 975 locis
1154 912 1208 975 bu-

9 1017 88 1076 nidis
115 1015 179 1076 sub
205 1021 297 1095 ponte
320 1013 372 1075 ubi
387 1013 498 1076 sensim
516 1013 544 1074 in
561 1031 620 1076 var.
636 1015 663 1076 d.
677 1013 798 1092 transit;
822 1031 882 1078 var.
898 1038 923 1095 γ.
940 1015 970 1076 in
986 1032 1060 1096 rupe
1078 1016 1208 1078 sicciore

9 1121 240 1202 lecomposita,
274 1119 363 1181 etiam
391 1117 422 1178 in
451 1134 536 1178 muro
568 1116 743 1198 ferrugineo
774 1115 892 1178 fodinae
924 1135 1001 1200 quae
1031 1118 1068 1180 ad
1091 1119 1207 1182 vianra

9 1243 76 1306 rago
95 1225 291 1304 Httttscblop
313 1225 342 1285 in
360 1222 532 1286 Gastuniam
549 1221 708 1284 ducentem
730 1222 829 1303 jacet3
853 1240 915 1285 var.
932 1225 958 1286 d.
975 1223 1005 1283 in
1021 1241 1095 1306 rupe
1119 1224 1209 1286 verti-

9 1331 53 1392 ali
77 1329 166 1390 inira
191 1333 315 1411 pontem
338 1329 373 1390 ab
397 1346 473 1409 aqua
506 1346 523 1390 e
553 1325 652 1388 ludina
682 1325 879 1406 proveniente
913 1326 1057 1408 irrorata,
1091 1331 1208 1410 magnis

9 1433 195 1513 sospitibus
218 1431 470 1510 tumescentibus,
493 1429 612 1493 difficile
636 1429 866 1516 aggrediendis!
891 1439 1044 1494 caeterum
1060 1433 1090 1494 in
1105 1433 1162 1495 Vol
1176 1434 1209 1496 di

9 1540 106 1602 larba
133 1555 250 1600 versus
274 1557 311 1602 m.
331 1538 433 1612 Zebrn
449 1535 690 1614 Vallis-tellinae,
714 1534 750 1597 ad
772 1535 933 1600 Vacrstien
950 1536 980 1596 in
995 1535 1072 1617 Alpe
1089 1537 1206 1601 Doure-

9 1645 75 1722 lcld
98 1662 165 1704 nec
192 1659 254 1704 non
278 1641 315 1704 ad
338 1640 434 1706 lacurn
457 1642 577 1742 desan
600 1658 708 1704 versus
734 1641 828 1703 Toten
849 1639 1019 1723 Norveglae
1042 1639 1114 1722 legi.

85 1747 201 1810 Fruct.
226 1753 337 1812 matur.
360 1745 515 1828 Augusto,
540 1744 717 1828 Septembri.

493 1972 620 2078 lucin.
659 1971 725 2034 ΙΙ.

507 2125 708 2196 burnan.

85 2297 225 2359 Fructus
248 2296 422 2359 terminalis.
467 2293 546 2358 Folia
568 2293 681 2372 laevia,
709 2295 767 2358 reti
790 2293 965 2375 subaequali
987 2291 1203 2362 rbcmbao-vel

9 2399 373 2482 rectangulu-bcxagonc.
418 2400 521 2462 Flores
544 2397 732 2476 bisexuales,
771 2397 900 2460 monoici
933 2403 964 2460 et
986 2395 1094 2476 diolci3
1126 2415 1204 2461 mas·

9 2505 57 2566 :uli
80 2505 319 2588 gemmit'ormes
342 2505 390 2568 vel
406 2503 561 2566 discoidei.
607 2500 733 2584 Capsula
757 2509 875 2582 erecta,
900 2518 1030 2581 cernua,
1054 2501 1205 2583 inclinata,

9 2609 142 2688 pendula.
195 2607 402 2671 Peristomium
435 2608 501 2690 plus
533 2609 670 2670 minusve
704 2605 888 2688 perlectum,
920 2603 1047 2686 duplex;
1087 2607 1204 2668 externi

9 2711 109 2776 dantes
136 2711 303 2776 lanceolati
328 2720 359 2775 et
381 2732 399 2775 e
422 2712 586 2775 lanceolata
609 2712 754 2790 subulati,
778 2730 795 2774 e
818 2711 925 2773 lamina
949 2709 1059 2792 duplici
1083 2728 1204 2794 compo·

9 2821 62 2896 siti,
88 2820 186 2900 cujus
210 2823 335 2879 externa
358 2818 452 2880 laevis
468 2818 587 2880 tenuior
602 2815 638 2880 ad
656 2815 785 2878 medium
801 2815 880 2878 linea
897 2814 1117 2877 commissurali
1139 2833 1203 2878 ser-

9 2925 124 3004 pentina
151 2927 258 2983 notata
282 2928 348 3000 est,
381 2923 499 2984 interna
527 2922 659 2984 crassior
687 2920 723 2982 ad
747 2921 960 2982 commissuras
983 2919 1204 2982 transversales

8 3027 32 3088 in
54 3025 236 3088 trabeculas
259 3025 307 3088 vel
329 3025 462 3088 lamellas
485 3024 645 3107 producta3
679 3023 789 3086 interni
816 3023 987 3086 membrana
1016 3022 1083 3104 plus
1107 3023 1203 3085 minus

9 3131 171 3212 producta,
203 3127 240 3191 ad
272 3129 404 3192 dentium
435 3129 593 3192 interstitia
617 3128 886 3209 carinam-plicata
913 3127 1005 3209 inque
1038 3145 1202 3208 processus

9 3235 158 3298 carinatas
197 3234 355 3313 continua,
389 3234 498 3316 quibus
533 3234 563 3295 in
597 3231 731 3314 plurimis
754 3231 822 3294 cilia
858 3228 1007 3293 fililormia
1045 3231 1203 3313 interjecta

9 3345 88 3416 sunt,
138 3335 243 3398 rarius
281 3334 489 3418 irregulariter
524 3334 622 3397 lacera
665 3335 782 3398 laciniis
819 3335 923 3417 partim
960 3333 1202 3400 cohaerentibus.

9 3439 208 3525 Sporangium
239 3439 365 3502 liberum
398 3440 445 3502 vel
475 3437 612 3521 capsulae
645 3437 752 3519 parieti
783 3438 902 3500 interno
933 3433 990 3499 filis
1022 3436 1200 3514 adhaerens.

12 3541 117 3623 Sporae
144 3544 288 3605 minutae.

365 3729 438 3796 Gen.
464 3727 490 3795 1.
537 3729 847 3798 oaruooourlbtt

454 3887 596 3942 Smerde.
615 3886 704 3956 suppl.
723 3887 755 3940 ll.

93 4031 216 4092 Plantae
239 4031 368 4092 tenellae
393 4029 620 4110 caespitulosae.
664 4029 745 4094 Folia
768 4037 911 4113 angusta,
934 4029 1085 4110 flexuosa,
1109 4030 1200 4094 hexa-

18 4149 89 4210 gcne
106 4133 461 4198 rhomboideoereolata.
506 4134 610 4198 flores
627 4135 756 4198 monnici
772 4135 819 4197 vel
835 4134 935 4213 diolci,
957 4134 1006 4195 vel
1024 4133 1200 4198 antheridiis

18 4231 190 4319 bppcgynis.
237 4237 364 4318 Capsula
387 4246 502 4318 erecta,
526 4257 543 4300 e
567 4237 643 4302 collo
665 4236 854 4321 longiusculo
878 4239 970 4300 uvalis
987 4237 1036 4298 vel
1059 4237 1199 4318 oblonga,

20 4335 209 4420 leptoderrna,
233 4339 382 4422 pedicello
404 4344 499 4423 tenui,
522 4343 684 4424 sporangio
708 4342 802 4404 libero
826 4343 951 4422 minore,
976 4341 1087 4404 annulo
1115 4357 1199 4420 prae-

23 4451 100 4506 sente
135 4445 184 4508 vel
213 4443 313 4525 nullo,
353 4447 498 4526 operculo
532 4454 617 4510 acuto
649 4447 848 4512 subrostrato.
893 4445 1060 4508 Peristomii
1093 4443 1200 4506 dentes
