3080 5370
358 378 422 444 848
859 381 1051 444 (iri-miscere.

358 557 483 637 formis,
514 557 679 640 majuscula
702 557 739 618 ad
769 556 990 638 longitudinem
1014 557 1167 620 multoties
1198 556 1322 638 plicata,
1352 555 1416 618 basi
1440 554 1521 619 nent

357 661 446 726 nuda.
478 658 605 744 capsula
628 661 660 721 in
683 658 832 741 pedieelln
856 667 942 723 rectu
964 661 1031 742 plus
1055 663 1153 724 minus
1169 660 1314 745 elongate
1338 669 1447 739 erecta,
1465 677 1522 738 spu—

357 766 491 830 metrica
530 763 713 846 operculum
737 781 877 848 magnum
902 764 931 826 in
955 765 1097 836 reiculam
1122 766 1309 830 continuum.
1348 765 1526 828 Peristcniua

356 871 494 954 simplex,
521 867 743 949 lli-dentatum,
767 870 877 934 dentes
900 869 1071 952 lanceolati,
1097 872 1296 936 transversim
1319 870 1525 948 amimuelim

355 979 452 1063 tegri,
483 977 598 1058 pertusi
622 995 680 1040 seu
707 977 738 1040 in
768 992 856 1038 crura
885 975 945 1040 duo
969 976 1106 1041 subuleta
1134 974 1183 1040 vel
1211 975 1361 1042 lililormia
1390 972 1527 1037 alternatis

354 1081 492 1167 longiora
518 1088 549 1145 et
572 1082 711 1144 breviora
734 1078 831 1143 divisi.

736 1270 811 1333 Gen.
840 1269 866 1338 1.
913 1269 1171 1334 COSCINODON.

835 1410 961 1464 Srrrrnasr.
978 1410 1073 1464 Anicii

440 1533 521 1597 Folia
542 1531 672 1615 pililera,
695 1533 760 1596 basi
782 1533 885 1596 tenuia
908 1533 976 1596 laxe
999 1533 1145 1612 nreolets,
1169 1538 1255 1601 cesta
1278 1531 1377 1594 tereti
1401 1532 1530 1604 instructi.

239 1685 241 1689 -
351 1637 431 1702 baud
463 1637 643 1720 crispabitia.
700 1635 839 1719 Calyptra
875 1655 972 1719 usque
1005 1637 1042 1700 ad
1077 1635 1218 1718 capsulae
1250 1634 1367 1698 collum
1403 1635 1533 1718 prndnrtr.

352 1741 536 1825 Operculum
558 1741 730 1821 maximum,
754 1741 872 1806 tertiam
897 1742 963 1804 lere
986 1741 1128 1822 capsulae
1151 1747 1266 1821 partem
1289 1739 1447 1804 efficiens.
1473 1732 1533 1837 ΙΙΙΙ

352 1847 453 1912 stemii
474 1846 584 1909 dentes
607 1846 663 1908 sub
686 1845 827 1927 capsulae
850 1844 967 1908 oridcic
982 1846 1130 1923 orientes,
1154 1844 1324 1927 majusculi,
1352 1845 1415 1908 late
1438 1845 1510 1906 lan-

349 1951 420 2032 lati,
452 1957 572 2013 remote
602 1949 770 2027 articulati,
805 1967 861 2029 pro
890 1967 976 2012 more
1007 1948 1096 2011 valde
1129 1949 1259 2010 cribrnsi
1292 1949 1399 2024 (unde
1433 1963 1514 2032 gene

350 2073 462 2118 nomen
494 2075 635 2120 κοσκινον
657 2053 790 2118 cribrum
814 2061 845 2116 et
870 2054 949 2118 ddmv
972 2052 1080 2133 dens),
1104 2053 1202 2116 rarius
1224 2054 1423 2146 subintegri,
1447 2069 1508 2112 mm
1537 2137 1538 2142 ἵ

349 2159 517 2242 granulnsi,
533 2166 667 2223 saturate
683 2159 839 2240 purpurei,
863 2158 951 2221 ratde
968 2156 1192 2239 bygrnseopici.
1224 2157 1385 2222 llabitatio
1401 2175 1475 2239 rupe
1518 2164 1520 2169 ’

435 2263 540 2326 Genus
564 2263 601 2328 ed
624 2262 704 2325 diem
728 2282 745 2325 e
770 2261 933 2343 speciebus
957 2260 1073 2324 duabus
1096 2262 1309 2342 compositum,
1343 2279 1475 2344 querum
1499 2284 1508 2297 ·‘

348 2365 385 2430 ad
403 2367 518 2431 Floram
542 2385 725 2450 eurnpneam
747 2366 890 2447 pertinet,
914 2365 1009 2428 alters
1032 2365 1071 2428 ad
1086 2365 1416 2447 septentrionali-ame
1452 2394 1470 2419 a
1485 2390 1509 2413 ν

748 2556 937 2626 tnsetnndnn
959 2556 1144 2641 putatnatus.

720 2696 841 2752 Grimmia
860 2697 974 2750 erlbrnsa
991 2697 1082 2752 ttmw.
1102 2697 1179 2765 Stirp.

432 2817 535 2882 Dense
566 2819 755 2900 pulvinetus,
782 2819 928 2902 pulvinuli
960 2838 979 2881 e
1006 2816 1239 2902 glauco-viridi
1265 2825 1482 2882 canescentes

346 2923 469 2986 omnino
491 2924 602 2988 incani.
648 2923 730 2987 Folia
753 2931 856 2988 creto·
879 2930 911 2987 et
932 2923 993 2987 late
1017 2921 1360 3007 oblongo-lanceolata,
1397 2922 1466 2984 basi

345 3045 416 3092 cava
440 3026 549 3091 debinc
572 3025 671 3091 media
694 3029 803 3110 pagins
820 3033 947 3109 utraque
964 3025 1011 3091 ala
1028 3026 1113 3090 sulca
1135 3025 1288 3110 protunda
1305 3035 1453 3092 excreta
1482 3025 1501 3088 Ι

345 3133 409 3196 sula
433 3133 462 3195 in
486 3131 634 3214 pedicello
656 3139 743 3195 recto
765 3133 1006 3216 subemergens,
1031 3131 1176 3210 oberrata,
1201 3131 1281 3196 collo
1305 3133 1338 3196 in
1373 3129 1504 3216 pedioell

345 3233 514 3315 detinente,
547 3235 698 3299 annulos
727 3235 847 3320 singula
869 3237 952 3301 serie
975 3235 1154 3299 cellularum
1186 3235 1318 3300 formato
1352 3239 1501 3320 persiste
1537 3302 1539 3309 4

344 3340 556 3424 deoperculatn
579 3341 661 3404 sicce
684 3338 800 3404 orificio
823 3340 885 3403 late
918 3347 1026 3422 aperto
1049 3339 1191 3404 dentibus
1223 3339 1370 3403 redieris.
1422 3341 1470 3405 ltr.
1498 3380 1505 3389 ·
1535 3316 1540 3389 ¹

344 3444 392 3526 ΙΙΙ,
415 3445 486 3510 Tab.
502 3441 577 3508 230.

346 3567 495 3630 Grimmia
517 3565 661 3628 cribrare
682 3571 791 3626 trunco
813 3563 1059 3646 simpliciusculo‚
1085 3564 1164 3628 loliis
1187 3564 1378 3647 lanceolatis
1396 3567 1488 3631 eonle
1509 3594 1512 3601 ¹
1536 3528 1540 3581 Ι

472 3668 655 3749 imbricatis,
684 3669 812 3750 patulis,
851 3685 1036 3731 summorum
1065 3670 1200 3750 apicibus
1231 3669 1338 3752 canis,
1385 3691 1420 3755 p
1449 3673 1455 3684 '
1491 3698 1512 3723 ··

474 3772 613 3837 dentibus
636 3775 780 3855 pertusis.
826 3775 925 3840 Hsnw.
958 3774 1051 3837 blusc.
1076 3774 1175 3840 irond.
1198 3773 1245 3854 ill,
1268 3793 1298 3857 p.
1317 3773 1382 3854 73,
1407 3775 1497 3844 idi.

386 3877 552 3942 Scnwnasn.
577 3876 678 3958 Suppl.
718 3878 802 3940 ΙΙ..
826 3885 857 3940 et
880 3878 965 3940 llcun
995 3877 1026 3940 Β.
1056 3878 1088 3940 Ἰ.
1136 3879 1280 3942 Scmsrm.
1305 3877 1424 3966 Crypt
1447 3881 1507 3944 be*

470 3980 548 4044 Nnns
572 3987 603 4043 et
625 3980 768 4046 llonnscu
791 3980 892 4064 Bryol.
916 4001 1012 4066 germ.
1057 3980 1138 4044 Bere.
1162 3981 1262 4064 Brpol
1286 3985 1380 4050 univ.

343 4085 538 4150 Coscincdcn
558 4085 738 4166 pulviculus
762 4086 879 4148 Srnsna.
902 4085 1022 4150 Einleit.
1055 4087 1085 4148 in
1114 4085 1143 4147 d.
1168 4085 1251 4149 Stud.
1284 4085 1314 4150 d.
1342 4097 1451 4174 crypt.

469 4187 583 4266 (tuot)
606 4209 634 4272 p.
652 4187 724 4254 281.
771 4186 822 4254 m.
847 4199 878 4254 et
900 4191 965 4256 Scn.
990 4190 1092 4272 Bryol.
1116 4207 1182 4254 eur.
1228 4189 1343 4258 llam
1372 4195 1489 4260 sunt.

341 4293 430 4358 Corc.
454 4295 613 4358 cribrorum
637 4296 746 4360 Seneca
769 4295 849 4360 Anu.
872 4303 904 4358 et
926 4295 1004 4381 ling.
1028 4297 1064 4360 ol
1092 4303 1151 4360 net.
1176 4295 1251 4360 llist.
1298 4295 1334 4362 C.
1362 4299 1461 4366 llurr.
1483 4301 1528 4378 Sp

426 4415 528 4480 llcbr't.
553 4417 582 4480 in
605 4417 729 4498 rupibus
752 4416 882 4480 humidis
904 4435 961 4498 per
982 4435 1092 4482 sonam
1120 4417 1336 4484 intermediam
1363 4429 1462 4507 sique
1483 4437 1538 4495 scr

341 4519 568 4606 tentrionalem:
585 4537 678 4602 prope
695 4522 809 4585 Gestar
824 4522 875 4584 ubi
891 4523 1025 4588 Psnsoon
1040 4523 1168 4602 detexit,
1184 4523 1215 4588 in
1227 4523 1400 4606 Herm
1413 4529 1517 4606 nuum
