3144 5366
490 405 696 460 tarmonem.
809 415 811 422 '
951 471 953 474 .
1124 400 1187 466 m

13 579 108 663 pinara,
130 587 209 644 costa
233 579 380 663 depressa
403 599 469 644 oum
494 581 540 642 vel
564 581 620 642 suli
643 580 728 660 apice
751 579 988 660 intentantem
1011 587 1045 642 ut
1066 578 1186 646 humida

11 701 104 764 opaca,
127 685 227 749 laevia.
273 684 449 748 Periclrnelii
475 683 543 746 lolia
567 683 626 746 iliis
649 683 862 766 praecedentis
887 685 1040 763 breviora,
1064 685 1186 764 intiora3

10 795 115 850 caetera
138 790 235 856 omnia
258 789 374 852 similia.
420 785 520 870 Brpol.
544 804 609 850 eur.
633 787 680 868 vl,
704 786 775 850 'lala
792 784 864 853 634.

9 912 91 974 Andr.
113 913 215 975 Roldii
236 931 304 976 nor.
326 911 449 993 salento
471 910 503 973 C.
528 909 642 973 ilicum
668 909 796 992 synops.
1174 986 1183 998 Ν

67 1033 178 1097 ‘liubit
202 1033 240 1098 ad
263 1051 354 1116 rupes
379 1030 513 1095 madidas
544 1031 628 1094 basin
661 1031 824 1115 glacierum
858 1031 1186 1098 omina-Gouola

6 1135 28 1196 in
49 1123 197 1222 Engadino
229 1135 375 1202 dictarum
408 1136 569 1220 cingentes
601 1153 682 1199 anno
706 1131 789 1198 1845
813 1135 915 1198 detexi
941 1145 970 1199 et
993 1153 1074 1200 anno
1100 1136 1183 1204 1856

5 1241 98 1302 ilemm
120 1243 197 1325 legi3
230 1241 261 1304 in
283 1241 433 1324 llercynia
456 1241 615 1324 superiore
638 1239 873 1318 (Lssonanaux),
908 1240 938 1302 in
962 1257 1068 1307 summ.
1093 1241 1182 1324 Pyre-

4 1363 131 1408 naeorum
160 1347 237 1409 Pori
265 1329 302 1409 de
329 1343 486 1428 Venusque
517 1343 690 1419 (illapsura)
724 1350 754 1406 et
788 1361 882 1426 prope
915 1344 1012 1408 lacum
1043 1347 1183 1428 Sdouldjo

4 1449 140 1529 (utinm).
868 1457 871 1464 '

76 1557 177 1620 Frucl.
201 1563 310 1622 molor.
334 1564 459 1620 aestate.

62 1677 232 1732 Praecedente
252 1677 387 1746 gracilior,
408 1677 477 1731 loliis
495 1695 511 1730 e
529 1677 582 1730 basi
602 1676 655 1729 lala
677 1668 1083 1731 subito'lanceolato-subolatis'
1105 1679 1185 1746 magio

2 1761 90 1818 falcatis
113 1768 216 1820 omnino
240 1767 328 1834 opacis
349 1776 420 1819 costa
445 1783 502 1819 cunr
528 1763 584 1817 lolii
604 1765 698 1832 pagina
727 1771 859 1832 angustata
884 1763 998 1834 lnieotc,
1025 1765 1185 1833 perichaotio
1226 1805 1229 1814 .

4 1854 102 1905 miore
120 1861 269 1908 constanter
286 1855 412 1908 dioinota.

418 2029 451 2082 B.
489 2028 611 2080 Floras
628 2025 746 2080 dioioi·

265 2183 268 2192 =
399 2150 441 2219 ll.
470 2146 761 2232 moeruerint.

447 2291 534 2343 um.
552 2289 639 2358 umor.
659 2307 713 2342 aar.

72 2412 209 2494 Minima,
233 2413 416 2494 tenerrima,
440 2413 622 2478 densissime
645 2413 813 2496 pulvinata,
845 2411 1181 2478 brunnen-luscescens

6 2515 36 2576 el
57 2518 208 2598 profunde
232 2525 305 2581 atra.
351 2517 452 2581 Gauiis
475 2517 651 2600 pertenuis,
676 2516 842 2601 rigidulus,
867 2516 992 2601 fragilis,
1015 2515 1179 2600 lastigiato-
1296 2533 1299 2542 ¹

8 2639 130 2704 annosus,
155 2620 307 2685 radicans.
353 2620 434 2684 Folia
458 2621 846 2706 diloricato-homomalla,
876 2622 914 2688 ad
937 2623 1039 2706 apices
1062 2622 1180 2705 plantae

1 2725 259 2808 alento-secunda,
291 2744 309 2789 e
332 2725 395 2789 basi
419 2727 496 2790 ovali
518 2727 566 2790 vel
589 2733 673 2792 ovata
698 2727 798 2790 subito
829 2725 980 2807 subulata,
1014 2725 1179 2808 subiacvin,

1 2831 83 2911 nitida,
108 2831 239 2916 fragilia,
264 2837 348 2896 costa
372 2837 462 2896 lolam
490 2833 554 2895 lere
576 2840 692 2915 perlem
715 2832 882 2896 subulatam
905 2840 1071 2916 occupante
1089 2831 1180 2895 semi·

1 2937 71 2996 erati
95 2935 292 3000 extremitate
320 2935 441 3020 longius
475 2943 607 3000 excunte
637 2937 744 3018 tereti,
777 2936 870 3020 apicis
905 2935 1019 3002 areolis
1042 2935 1179 3000 rotundis

9 3041 61 3102 sis
86 3040 228 3116 omnibus
252 3039 449 3124 rectangulis.
494 3039 614 3106 Plantae
645 3041 796 3106 masculae
825 3049 1010 3127 aggregatae
1038 3041 1178 3109 femineis

1 3147 152 3227 enuiores3
180 3146 335 3229 perigonia
359 3146 522 3228 majuscula
544 3145 736 3228 herophyla,
768 3146 847 3209 loliis
875 3147 972 3209 tribus
996 3147 1124 3208 internis
1149 3147 1177 3208 in

8 3253 164 3314 ammulam
188 3251 297 3331 unitis,
330 3252 525 3332 acuminatis,
558 3250 717 3330 constatis,
749 3248 924 3314 antheridiis
948 3249 967 3314 5
991 3256 1023 3312 et
1043 3247 1064 3314 6
1086 3249 1177 3335 longe

6 3354 181 3435 edicellatis,
205 3353 422 3437 paraphysibus
445 3355 644 3440 longioribus,
667 3355 871 3436 liliformibus,
895 3353 1050 3418 flexuosis.
1096 3355 1177 3416 Peri·

2 3457 127 3523 laelium
166 3477 322 3543 magnum,
363 3459 432 3522 lolia
466 3459 582 3522 canum
617 3460 708 3545 longe
745 3477 910 3543 superana3
950 3460 1019 3523 lolia
1050 3467 1176 3524 externa

2 3569 95 3643 rocta,
121 3566 242 3628 interna
266 3562 498 3644 subconvolula,
534 3564 835 3648 elongato-obcunte,
860 3565 994 3628 breviter
1018 3565 1175 3647 apiculata,

2 3673 104 3732 iterna
130 3687 231 3750 usque
258 3669 296 3734 ad
319 3669 434 3751 apicem
464 3671 680 3751 lonoicoslata,
711 3671 829 3733 interna
859 3677 1001 3734 ecoslata.
1047 3669 1176 3752 capsula

11 3770 97 3836 inimo
122 3773 343 3838 conico-ovata.
389 3772 489 3856 Bryol.
512 3791 577 3840 eur.
601 3773 648 3855 Vl,
673 3775 743 3839 lab.
760 3773 833 3839 635.

8 3897 73 3958 ndr.
95 3897 329 3976 pericloeliolin
352 3895 552 3959 Zsrransranr
575 3897 711 3982 llonogr.
735 3897 828 3964 Andr.
853 3918 881 3984 p.
903 3895 954 3962 26.

63 4019 169 4082 liubit.
195 4019 224 4081 in
257 4019 444 4083 Finmarlriae
475 4019 572 4084 insula
606 4021 708 4084 lienrie
736 4022 786 4084 ubi
819 4021 856 4084 ol.
879 4018 970 4084 Burin
993 4017 1119 4102 detexit,
1145 4022 1173 4084 in

1 4123 169 4206 crjedaliae
193 4123 279 4206 Alpp.
313 4123 392 4187 inter
423 4125 588 4188 Stoedalen
619 4133 650 4188 el
683 4125 897 4208 Hastorstdten
926 4125 1109 4206 (lamnam),
1143 4127 1174 4186 in

7 4225 42 4307 lp.
76 4229 226 4292 Rondene
259 4245 353 4312 prope
386 4229 473 4292 nives
507 4229 630 4311 copiose
664 4229 781 4312 lapides
814 4229 946 4312 majores
981 4228 1173 4294 densissimis

17 4330 137 4396 lvinulis
160 4350 274 4397 ornans
297 4319 534 4414 (Zsrrar'asruor),
558 4335 589 4396 in
605 4333 774 4418 lapponiae
798 4333 925 4397 l'itensis
941 4333 1017 4418 Alpe
1040 4335 1174 4414 Tjidtiolr

37 4439 123 4501 nives
148 4438 328 4514 (Lrnnosno).
839 4431 845 4448 ⁸

61 4541 167 4604 Franci.
191 4549 302 4604 motor.
326 4545 452 4604 aestate.
