3144 5366
522 404 683 476 llypuacaun.

365 578 413 646 tt
443 581 577 662 llyprun
601 583 831 652 sarucntnsun.

455 719 590 776 blastus.
609 719 647 774 Fl.
666 720 734 791 lapp.

94 835 246 922 Caespites
270 841 397 907 demissi
419 842 468 906 vel
491 842 571 924 elati,
596 844 754 914 rutilantes
778 852 809 909 et
831 843 955 908 omnino
969 845 1052 910 rulo·
1070 854 1100 910 ct
1115 855 1194 910 atro-

18 943 153 1021 purpurei.
199 944 300 1022 Catulis
325 953 492 1028 prostratus
515 948 687 1014 ascendens
719 948 770 1012 vel
800 950 831 1012 in
862 950 1045 1033 caespitibus
1073 950 1194 1015 densio-

18 1045 89 1108 ribus
110 1056 241 1128 erectus,
266 1049 391 1114 densius
415 1053 599 1119 remotiusve
622 1053 814 1134 ramulnsus,
839 1053 961 1116 ramulis
984 1055 1195 1137 inaequalibus

17 1150 109 1228 acutis,
131 1152 273 1219 radiculis
298 1155 396 1220 nullis.
442 1155 523 1220 Folia
547 1157 678 1238 patentia
702 1164 734 1220 et
756 1157 874 1239 patula,
898 1157 1033 1222 siccitate
1058 1159 1125 1224 laxe
1148 1160 1192 1226 in-

16 1255 181 1336 cumbentia,
204 1258 268 1322 sola
287 1260 411 1342 iuniore
426 1261 545 1340 viridia,
569 1268 690 1324 caetera
707 1262 957 1343 purpurascentia
973 1268 1005 1326 et
1018 1265 1194 1344 straminea,

16 1357 152 1440 clliptico·
191 1364 239 1426 vel
277 1364 558 1448 ovato-elongata,
604 1365 689 1446 spice
727 1365 836 1428 obtuso
878 1365 1084 1458 subcucullatn
1122 1386 1195 1438 cum,

16 1463 54 1524 nel
74 1467 137 1528 siue
162 1469 280 1554 apicula
304 1469 406 1550 brevi,
431 1487 580 1549 concava,
605 1475 688 1532 costa
712 1469 839 1550 simplici
863 1469 919 1532 sub
944 1471 1030 1552 apice
1054 1471 1192 1550 evanida,

16 1565 44 1628 ad
63 1573 189 1654 angulas
213 1572 471 1638 subdecurrentes
502 1580 644 1638 excavata
676 1591 754 1654 eque
784 1573 900 1638 cellulis
932 1576 1049 1660 magnis
1081 1575 1191 1640 inflatis

16 1669 126 1752 lyalinis
151 1679 328 1760 composita,
352 1686 505 1742 caeterum
527 1677 742 1760 angustissime
767 1685 797 1740 et
812 1677 1009 1742 solidiuscule
1025 1679 1191 1747 reticulate.

14 1775 218 1846 laricbaetium
250 1783 280 1846 in
313 1782 429 1847 ramulo
464 1781 628 1864 periebaet.
663 1781 748 1842 brevi
782 1780 974 1845 eradiculoso
1008 1781 1191 1864 elongatum,

14 1883 210 1966 subvaginans,
235 1887 393 1970 pallidum,
417 1886 497 1950 loliis
520 1885 747 1964 tenuicostatis,
771 1885 899 1948 internis
922 1885 1190 1978 subvaginaatibus

14 1986 151 2066 spiculatis
175 1991 315 2058 obsoleta
338 1992 473 2056 sulcatis.
517 1989 664 2074 vagidata
687 1989 844 2072 elongata,
869 1989 1016 2053 subnuda.
1063 1990 1191 2078 Capsula

14 2109 107 2156 cernua
131 2101 163 2160 et
187 2095 555 2174 incurvo-horizontalis‚
588 2094 840 2178 ovato-pblonga
872 2104 902 2159 et
926 2095 1187 2178 subcylindracea,

14 2214 23 2256 a
42 2197 214 2283 ferrugineo
237 2199 335 2282 lusca,
360 2201 439 2265 sicca
463 2207 595 2279 arcuata,
619 2199 730 2262 annulo
746 2199 839 2280 nullo,
863 2199 1008 2283 operculo
1026 2200 1190 2264 mamiliani.

14 2299 168 2368 lcristcmii
188 2302 299 2371 dautes
322 2304 445 2388 pulclue
461 2305 545 2384 lutei,
567 2321 730 2386 processus
746 2304 856 2368 interni
872 2305 1051 2370 latescentis
1067 2306 1189 2390 integri,

14 2407 62 2470 eilia
83 2409 186 2493 longa.
230 2407 330 2490 Brycl.
355 2426 419 2472 eur.
443 2407 490 2486 Vl,
514 2408 585 2472 Tab.
603 2404 676 2471 616.

14 2529 77 2610 llyp.
98 2537 326 2596 aarmcntcsum
348 2529 478 2594 surculis
501 2531 660 2614 prostratis
681 2531 832 2618 elongatis
855 2531 1003 2612 ramosis,
1026 2530 1106 2596 loliis
1130 2533 1189 2596 ob-

123 2635 226 2719 longis
260 2633 478 2698 obtusiusculis
511 2634 578 2696 laxe
600 2634 764 2698 imbricatis
788 2635 997 2700 uninervibus.
1035 2636 1188 2701 anuna.

120 2739 203 2802 Flor.
227 2738 303 2820 lapp.
327 2757 355 2820 p.
378 2735 452 2804 380.

41 2842 176 2907 duaruan
200 2841 310 2908 Skand.
333 2842 375 2905 Fl.
412 2841 564 2906 Humanas
588 2842 712 2908 lluscol.
737 2861 834 2928 germ.
870 2843 922 2906 Ba.
946 2851 978 2907 et
1001 2845 1065 2907 San.
1088 2844 1189 2927 Bryol.

120 2966 189 3012 ear.
234 2947 357 3010 lllmsns
379 2946 479 3029 Bryol.
502 2947 574 3012 Brit.

78 3070 186 3134 Babil.
207 3069 239 3132 in
255 3069 420 3152 subalpinis
437 3076 468 3132 et
483 3069 590 3151 alpinis
606 3069 743 3154 regionis
760 3069 1016 3151 septentrionalis,
1031 3069 1188 3137 rarissime

14 3175 190 3240 ntermediae
202 3181 234 3238 et
249 3174 345 3240 solum
361 3173 485 3253 sterile3
508 3175 539 3236 in
555 3173 706 3256 Lappouia
722 3173 835 3255 primus
848 3173 1046 3236 Warusnama
1061 3172 1186 3253 detexit,

14 3294 28 3338 a
48 3285 128 3344 terra
152 3286 186 3342 et
208 3281 289 3344 sartis
313 3295 431 3360 aquae
456 3279 525 3342 nive
548 3285 672 3342 aeterua
696 3278 848 3342 delluente
871 3277 1009 3342 irroratis
1025 3275 1062 3340 ad
1078 3277 1186 3359 pedem
1289 3308 1291 3316 v

14 3383 243 3446 usneeltdttctn
264 3381 435 3466 Narvegiae
459 3381 581 3462 pulchre
605 3381 789 3454 lructilicans¹
812 3381 890 3463 legi,
923 3381 954 3443 in
984 3379 1185 3463 llerjedaliae,

14 3483 179 3552 lalccarliae
202 3485 330 3570 Alpibus
353 3485 465 3550 lectum
488 3486 649 3550 Tuunumus
672 3493 703 3550 et
726 3486 862 3550 Hnamnn
886 3483 1045 3566 dederunt,
1070 3504 1087 3546 e
1110 3486 1186 3568 Lap-

14 3591 77 3654 unia
108 3591 234 3656 bulensi
265 3591 408 3654 Lrnnusae
437 3591 532 3668 misit,
565 3591 594 3654 in
617 3590 735 3674 Tyrclis
758 3590 886 3672 Alpibus
909 3590 1049 3654 Stubeier
1071 3591 1187 3654 Ferater

14 3701 26 3754 t
45 3695 214 3778 llosalropel
234 3715 293 3760 ncc
315 3713 377 3760 non
399 3696 429 3758 in
447 3693 627 3760 Sudelorum
644 3715 683 3758 m.
700 3695 923 3776 Brunncnberp
940 3695 1019 3758 beat.
1036 3696 1185 3758 Sannrnan

14 3800 81 3882 egit,
118 3803 150 3865 iu
178 3800 336 3882 paludibus
370 3800 516 3866 turlaceis
549 3821 587 3862 m.
610 3802 790 3864 Monterona
812 3801 848 3864 ad
872 3800 1043 3862 Verbanum
1075 3800 1185 3864 lectum

14 3903 36 3964 la
58 3903 186 3968 Nornms
210 3905 448 3970 communicavit.
493 3904 517 3967 E
542 3903 743 3968 Gruenlandia
767 3911 798 3966 et
821 3903 940 3968 Ganada
963 3904 1069 3970 babeo.

76 4011 181 4073 Fratct.
203 4019 315 4074 matur.
339 4016 464 4074 aestate.
511 4009 638 4074 Fructus
661 4010 760 4072 rarius
784 4011 973 4090 proveariunt.

59 4131 153 4184 llabitu
170 4131 280 4188 medium
299 4140 371 4186 teum
393 4131 460 4184 inter
478 4131 572 4184 formas
597 4132 709 4184 minores
735 4131 913 4198 praecedentis
938 4140 1014 4200 atque
1040 4131 1073 4182 11.
1093 4130 1184 4198 cuspi-

14 4225 96 4282 atam,
120 4217 189 4272 loliis
207 4217 472 4288 elongato-ellipticis
491 4218 681 4288 augustioribus
707 4219 820 4274 breviter
847 4217 983 4286 spiculatis
1010 4218 1052 4270 val
1077 4219 1183 4285 obtusis,

14 4308 245 4374 mpamceattbm,
265 4307 388 4376 capsulae
408 4307 511 4358 minoris
530 4305 655 4373 operculo
674 4317 748 4360 acute
768 4305 897 4374 spiculata
915 4306 996 4374 prima
1015 4307 1071 4360 visu
1091 4307 1183 4358 distin-

14 4393 136 4446 unndum:
157 4394 249 4460 lagida
268 4403 344 4458 amal,
363 4395 462 4446 mitiora
483 4395 555 4458 fugit.

904 4619 955 4668 tl*
