3104 5368
491 373 633 442 numme,

392 548 442 616 at.
471 548 582 626 bnans}
599 546 737 615 bstultb·

355 687 419 739 von
436 688 461 739 in
480 684 565 740 S'rvm
582 685 671 762 mut.
690 693 771 768 crypt.

68 809 208 892 taespites
232 807 292 872 laxi
317 807 485 871 mollissimi
507 807 632 890 pulchre
655 813 910 890 purpurascentes
933 803 983 867 vel
998 823 1015 866 c
1032 803 1159 866 rubente

23 913 99 975 biles·
139 913 236 977 Cauiis
261 911 437 1008 elongatus,
455 912 601 976 annosior
623 911 819 988 decumbens,
839 911 944 992 junior
966 907 1159 972 ascendendo

23 1025 105 1094 rectus,
127 1017 256 1100 gracilis,
281 1017 403 1080 ramulis
426 1016 526 1098 longis
548 1017 739 1100 gracillimis,
762 1033 950 1099 purpureus,
973 1013 1037 1076 sols
1061 1011 1160 1076 intima

23 1121 50 1182 vsi
68 1121 202 1184 vellicans.
249 1119 331 1183 Folia
353 1126 481 1199 remota,
504 1119 613 1201 patula,
637 1121 667 1183 in
690 1128 753 1184 toto
768 1121 854 1183 caule
871 1119 1076 1200 subaequalis,
1100 1115 1159 1178 late

23 1226 267 1303 vata-lanceolata,
298 1223 390 1308 longe
413 1223 625 1303 decurrentis,
649 1223 810 1305 subplana,
836 1222 1051 1304 integerrima,
1075 1226 1158 1284 costa

23 1327 42 1388 rb
60 1329 132 1409 apice
154 1325 293 1404 evanida,
317 1327 385 1389 laxe
408 1327 556 1406 areolatn,
580 1327 769 1406 mollissima,
793 1328 875 1390 sicca
897 1322 983 1388 valde
1007 1328 1158 1386 contracta

23 1441 93 1492 vrvata
115 1431 236 1495 sordide
259 1431 376 1510 viridia,
398 1431 543 1494 ramulina
559 1432 666 1494 similia
682 1433 806 1510 minora,
824 1429 1041 1513 periebaetialia
1057 1428 1158 1491 intima

23 1536 132 1598 ncrolata
163 1542 277 1598 erecta.
321 1535 390 1598 uos
426 1535 576 1599 masculus
607 1542 640 1598 ut
670 1536 701 1598 in
737 1535 792 1598 Bc.
823 1535 1091 1615 pseudotrv'qumro
1129 1538 1161 1592 et

23 1639 134 1702 rbtnato.
177 1639 308 1722 Capsula
330 1641 359 1703 in
385 1639 531 1722 pedicello
553 1639 645 1724 longo
676 1640 759 1703 tenui
788 1639 997 1702 innovationes
1019 1653 1158 1698 nonnun-

23 1759 64 1803 un
82 1741 155 1807 baud
177 1751 342 1826 superante
371 1743 519 1826 pendula,
553 1743 842 1826 obcunte-oblongo
870 1749 977 1806 exacte
999 1739 1158 1824 regularis,

37 1847 193 1931 lanugines
224 1847 324 1928 lusca,
357 1849 438 1910 sicca
469 1849 524 1910 sub
554 1865 610 1910 ore
637 1853 805 1926 coarctata,
839 1846 983 1928 operculo
1006 1841 1160 1908 mamillnri

23 1951 130 2012 ncolore
152 1950 260 2014 nitido.
304 1951 404 2032 Bryol.
428 1969 492 2014 cur.
515 1951 563 2031 tv,
585 1952 655 2014 Teb.
673 1949 747 2014 371.

23 2091 39 2130 r.
56 2073 171 2134 berulis·
194 2071 275 2135 loliis
297 2073 422 2134 remotis
446 2071 571 2134 alternis
588 2069 868 2134 ovato-acuminatis
884 2068 997 2133 alarum
1013 2068 1050 2131 ad
1066 2068 1161 2132 instar

98 2177 126 2237 in
147 2177 235 2238 caule
259 2174 491 2238 decurrentibus
507 2174 772 2237 nervo'instructis
793 2173 1016 2256 integerrimis3
1038 2172 1160 2254 capsula

98 2279 253 2360 pyriiormi
286 2278 433 2360 pendula,
472 2279 615 2360 operculo
649 2295 786 2341 convexo
820 2267 974 2359 spiculata.
1020 2278 1092 2340 Vorr
1129 2277 1160 2338 in

98 2383 192 2446 Srunu
213 2383 369 2446 Deutscbl.
391 2383 433 2446 nt.
457 2383 538 2446 Sect.
560 2381 593 2446 ll.
617 2381 722 2464 Crypt·
740 2381 812 2447 soso.
839 2379 887 2444 tt.

32 2483 177 2550 Scirvmcn.
202 2486 303 2568 Suppl.
325 2485 348 2566 1,
372 2486 401 2549 P.
422 2485 457 2566 lt,
480 2504 508 2567 p.
528 2483 599 2565 126,
622 2493 644 2548 t.
661 2483 712 2551 79.
757 2483 837 2550 Bnrn.
860 2485 960 2567 umor.
983 2485 1063 2547 univ.
1107 2482 1158 2545 Ba

98 2599 126 2651 ct
149 2591 214 2653 Sca
238 2589 337 2671 Brvol.
361 2607 425 2654 eur.
471 2589 775 2654 mansionum.

62 2711 153 2773 liubit.
175 2711 212 2773 ad
237 2713 461 2796 scaturigines,
493 2711 608 2774 rivulos
632 2719 807 2792 montanos,
831 2701 976 2793 inpiatis
1001 2710 1160 2794 uliginosis

23 2815 106 2894 goonis
128 2805 304 2879 montanae:
338 2818 367 2880 in
390 2819 484 2899 pratis
506 2816 574 2878 udis
597 2833 691 2898 prope
719 2817 909 2880 llatisbonam
932 2815 982 2878 ubi
1004 2815 1040 2877 cl.
1058 2814 1161 2876 ,Duum

23 2920 100 2996 etexit,
132 2923 161 2983 in
185 2940 226 2982 m.
250 2921 406 3001 loselbery
434 2919 632 3002 llvuringiae,
656 2919 687 2981 in
711 2917 958 3002 Monte-pinifero
981 2917 1101 2996 (Fons),
1130 2915 1159 2979 in

23 3023 91 3083 vatia
110 3026 272 3105 superiore
295 3023 463 3104 (basonus),
489 3026 517 3086 in
545 3024 735 3107 Sylva-nigra
759 3027 824 3094 (bs.
848 3023 975 3102 ilnnuv)3
999 3023 1028 3103 in
1052 3022 1161 3084 summi

23 3127 84 3204 tgcsi
104 3147 140 3188 m.
162 3129 329 3197 Halonesi
350 3134 381 3190 et
403 3129 434 3192 in
457 3129 551 3210 pratis
584 3128 743 3210 uliginosis
767 3127 850 3192 vallis
872 3129 1079 3190 Musscveaax
1108 3142 1159 3187 co·

23 3243 62 3290 ose
81 3231 245 3295 observavi.
292 3230 316 3293 li
339 3232 524 3297 Terra-nova
549 3251 565 3295 a
588 3233 623 3298 cl.
646 3233 690 3295 Do
712 3253 747 3296 aa
770 3234 871 3296 Puram
892 3231 1000 3294 lectum
1020 3227 1158 3311 pulcher-

23 3347 55 3390 nc
72 3331 169 3399 babeo.
1004 3355 1007 3364 ’

64 3437 154 3501 cht.
178 3446 293 3503 matsrr.
318 3440 354 3501 ab
379 3439 467 3502 linem
491 3442 623 3506 aestatis.

52 3555 180 3624 Cacspitnm
199 3559 293 3612 colors
312 3570 388 3630 atque
407 3560 514 3614 mollitie
534 3563 583 3614 lic.
601 3561 717 3630 pullenti
733 3561 831 3626 simile,
849 3559 950 3628 plantae
969 3569 1053 3614 nutem
1071 3563 1158 3631 gruci-

23 3653 56 3692 tu
71 3648 142 3714 uagis
159 3647 261 3711 elatae,
290 3647 365 3699 caule
390 3648 460 3702 iuliis
483 3648 615 3702 latioribus
642 3649 737 3702 dissitis
761 3648 838 3717 longe
862 3649 1057 3702 decurrentibus
1081 3650 1157 3717 alato,

23 3729 82 3792 nsvin
97 3744 181 3788 exacte
199 3733 305 3804 aequali
329 3735 445 3788 siccitate
468 3735 519 3788 sub
542 3751 587 3789 ors
610 3737 748 3790 constricta
765 3735 855 3806 illique
875 3738 970 3790 formae
987 3737 1090 3790 m'nroris
1112 3740 1159 3788 llr.

23 3815 103 3872 liiult'
118 3821 191 3874 simili
211 3823 294 3888 vimmo
313 3822 369 3874 visu
389 3821 601 3890 distinguendum.

54 3899 141 3958 Plantae
159 3908 261 3960 steriles
277 3901 466 3975 satis'copiose,
486 3909 633 3963 iructiicrae
652 3921 741 3964 contra
758 3911 886 3962 rarissime
905 3921 1048 3964 occurrunt.
1073 3910 1158 3963 Semel

35 4001 59 4037 u.
75 3991 215 4057 libitinarii,
245 3993 289 4046 ubi
313 3993 379 4046 locis
403 3995 531 4048 nonnullis
549 3998 717 4064 scaturigines
736 3995 890 4064 caespitibus
914 3996 1063 4050 rubentibus
1083 3998 1159 4068 longe

23 4079 80 4142 bqne
95 4081 196 4133 utensis
215 4079 325 4148 obtegit,
345 4081 469 4134 fructibus
488 4093 604 4136 onustum
621 4085 717 4151 reperi,
736 4083 828 4136 debinc
846 4085 871 4135 in
883 4085 980 4136 'iisdem
998 4085 1063 4138 locis
1082 4085 1160 4154 plan-³

23 4165 220 4236 bernsuiigersm
241 4170 336 4220 frustra
354 4171 478 4238 quaesivi.
