3238 5352
551 378 729 436 ,nummo

566 667 636 750 cca.
669 667 713 737 ll.

435 833 502 908 'De
528 833 830 910 fructificatione.
927 863 928 866 ¹
1033 839 1036 847 '

363 1016 391 1078 ς.
411 1015 431 1066 l.
458 1016 507 1068 Da
524 1016 647 1070 tructus
665 1018 769 1080 prima
785 1016 914 1079 origiue.

141 1161 254 1224 Fructus
277 1180 296 1223 e
321 1162 430 1228 cellula
453 1165 648 1248 germinativa
678 1165 769 1246 prima
802 1163 933 1226 evolutio
955 1179 1016 1224 non
1040 1179 1161 1224 sursum
1183 1160 1238 1224 scd

80 1259 186 1326 densum
206 1264 348 1328 eflicitur.
395 1267 519 1330 Primum
545 1287 629 1332 suum
653 1271 854 1332 rudimentum
878 1286 895 1328 e
918 1265 973 1328 lrac
995 1265 1114 1346 cellula,
1139 1265 1236 1328 matri-

76 1367 143 1429 calen
161 1370 328 1450 primariam
351 1371 478 1434 sistente
502 1381 623 1436 enatum
640 1373 814 1456 archegonii
830 1371 915 1434 basin
932 1377 1124 1449 attenuatam,
1149 1388 1237 1430 axem

77 1485 190 1552 raucus,
218 1473 376 1555 perforat,
413 1477 504 1558 inque
534 1470 758 1560 receptaculum
790 1477 808 1538 i.
838 1495 865 1538 c.
894 1475 988 1538 caulis
1020 1476 1157 1556 apicem,
1190 1473 1238 1534 cui

77 1575 215 1658 arclcgonia
248 1577 406 1659 insident,
440 1579 597 1645 descendit
631 1579 801 1664 eiquepali
830 1578 867 1642 ad
898 1579 992 1640 instar
1022 1596 1097 1640 sese
1133 1575 1236 1660 infigit.

80 1674 266 1760 Receptaculum
303 1701 358 1744 sua
386 1683 452 1746 vice
481 1702 601 1746 sursum
630 1682 802 1746 extenditur
831 1691 921 1766 atque
949 1682 1136 1764 peripodium
1165 1679 1236 1742 illud

83 1779 178 1847 clamat
198 1785 279 1868 quod
307 1786 445 1869 bryologi
467 1789 646 1869 supinatum
668 1787 830 1849 nominant.
876 1787 1001 1848 Fructus
1027 1785 1157 1872 'embryo
1188 1781 1238 1848 tali

77 1886 137 1950 uodo
154 1891 224 1953 cauli
250 1890 377 1972 infixus,
401 1891 492 1974 inque
516 1893 583 1976 ejus
606 1891 838 1974 perenchymate
862 1891 898 1954 ad
922 1908 1033 1954 succos
1055 1887 1238 1966 hauriendos

78 1993 367 2075 commanducans,
392 1989 585 2077 vegetatione
607 1995 711 2078 apicali
735 2013 804 2056 mox
827 2012 921 2058 sensu
943 1995 1093 2057 contrario
1115 1993 1238 2076 prolon-

73 2101 151 2176 pur,
182 2107 212 2161 et
233 2119 273 2163 eo
302 2101 419 2184 magis,
453 2118 541 2182 quam
570 2099 691 2184 capsula
724 2100 812 2162 altius
845 2097 1021 2182 pedicellata
1043 2117 1114 2162 essa
1137 2096 1238 2161 debet.

71 2193 133 2258 Parte
151 2199 195 2262 illa
216 2221 301 2284 quae
324 2210 392 2266 cetu
414 2220 470 2264 seu
490 2203 658 2284 peda'cctlas
680 2211 805 2268 vocatur
828 2203 999 2285 ellormata,
1031 2201 1151 2286 capsula
1173 2202 1238 2282 ipsa

69 2303 185 2382 propriam
206 2324 298 2370 suarm
318 2305 440 2369 inchoat
463 2307 676 2370 evolutionem.

378 2525 405 2588 δ.
423 2523 451 2574 2.
476 2524 524 2575 De
544 2524 692 2586 capsulae
711 2524 902 2578 evolutione.

133 2667 250 2733 Fructus
270 2671 398 2754 junior,
427 2679 496 2734 ante
518 2672 659 2753 capsulae
684 2674 908 2752 formationem,
938 2671 1084 2752 setulam,
1107 2671 1237 2754 longitu-

67 2765 118 2830 diuc
135 2791 184 2853 pro
204 2777 312 2858 specie
332 2777 471 2842 ,maxime
499 2779 665 2840 variantem
698 2779 795 2857 sistit,
826 2779 911 2860 cujus
944 2795 1019 2858 apex
1048 2775 1237 2860 vegetativos

67 2891 193 2958 erupere
220 2881 517 2964 celluloso-pnlposo
539 2881 627 2944 viridi
651 2882 825 2945 adornatur
847 2881 1071 2962 calyptrulaque
1096 2879 1235 2942 obtectus

67 2973 184 3045 elementa
206 2987 304 3066 prima
330 2983 514 3065 sporotlrecii
538 2985 629 3048 iuturi
654 2987 742 3049 louet.
781 2986 828 3050 nd
850 2984 930 3067 quod
947 2982 1144 3048 evolvendum
1161 2996 1239 3064 apex

67 3075 172 3148 muns
193 3075 374 3153 intumescit
389 3089 587 3172 cellulasque,
612 3089 719 3170 quibus
736 3091 925 3172 componitur
948 3095 1006 3150 tarn
1022 3093 1148 3168 repente
1164 3083 1238 3147 mul-

68 3184 205 3266 mmuar
225 3203 270 3276 ut,
305 3194 414 3276 paucis
446 3193 552 3258 diebus
581 3193 808 3278 praeterlapsis,
843 3193 957 3256 fructus
986 3207 1056 3274 pars
1078 3191 1127 3254 illa
1140 3181 1237 3272 -quae,

70 3297 205 3359 uramara
227 3299 390 3380 perlecta,
415 3301 544 3381 caprola
567 3318 623 3362 seu
647 3301 734 3362 tluecc
756 3299 875 3380 dicitur,
901 3301 1023 3362 sormam
1046 3315 1130 3360 suam
1154 3303 1239 3359 crrtc·

73 3391 153 3462 rocon
172 3402 541 3486 induens-conspiciatur.
586 3403 617 3467 ln
640 3405 697 3467 lroc
720 3404 828 3466 aetatis
851 3411 1004 3486 tempore,
1024 3399 1153 3484 capsula
1177 3407 1238 3463 tota

71 3505 266 3586 nurctymare
291 3507 474 3570 succulento
498 3509 617 3590 impleta
639 3509 809 3591 reperitur,
839 3510 925 3590 cujus
949 3515 1073 3570 straturn
1097 3505 1238 3568 cellulare

70 3603 169 3688 lenium,
191 3619 351 3692 qnartrrm,
376 3612 509 3692 quintum
533 3613 582 3674 vel
598 3620 728 3692 sextum,
753 3613 789 3676 ab
813 3619 941 3674 externo
956 3609 1138 3694 procedens,
1161 3617 1238 3672 stra-

69 3709 112 3768 lrm
124 3711 186 3775 illud
200 3717 375 3796 constituit,
392 3735 417 3777 <c
433 3733 503 3798 quo,
527 3716 701 3780 cellularum
717 3715 865 3779 divisione
882 3713 1026 3796 simplice,
1051 3711 1168 3795 duplice
1189 3713 1238 3776 vel

68 3809 165 3896 ln'ulicc,
186 3821 317 3884 cellulae
343 3821 482 3883 oriuntur
504 3839 583 3903 quae
600 3837 757 3903 sporarum
773 3821 949 3884 mutricclcc
965 3815 1113 3879 dicuntun
1151 3817 1239 3880 Pauci

68 3920 224 3994 'treduutur
239 3925 366 4004 musci,
400 3931 431 3986 et
453 3925 494 3987 illi
517 3925 705 3988 solummodo
734 3923 784 4004 qui
808 3925 836 3984 in
861 3940 968 4005 magna
994 3937 1162 3985 muscorum
1186 3939 1237 3985 co·

70 4011 133 4083 lurte
150 4025 241 4091 locum
265 4028 405 4091 intimum
428 4035 551 4108 tenent,
588 4047 713 4110 quorum
736 4034 830 4091 totum
853 4025 992 4108 capsulae
1015 4025 1166 4089 internum
1187 4043 1238 4109 pu-

70 4124 197 4208 campan
219 4149 435 4216 sporogenum
459 4131 587 4195 efficitur
608 4133 652 4208 (in
676 4131 886 4212 Epternacus),
915 4130 964 4192 vel
986 4131 1017 4192 in
1040 4147 1165 4212 quornm
1186 4150 1238 4213 pa-

72 4229 229 4312 ltttlrruale
252 4235 428 4318 capsulari,
458 4237 599 4318 epaucis
632 4236 792 4299 lenissimis
821 4234 936 4297 cellulis
966 4237 1147 4318 composito,
1180 4253 1238 4298 una

75 4323 155 4398 aarum
174 4339 279 4405 cellula
303 4355 478 4424 sporagena
501 4341 654 4404 invenitur
677 4340 719 4418 cin
742 4339 916 4416 Arctidto).

985 4459 1026 4512 ,.
