3080 5370
377 337 442 398 21⁰
878 343 1070 434 Grlmmlaceae.

378 517 560 580 subarcuato
583 535 695 580 cernua
718 517 853 581 siccitate
876 523 991 596 erecta,
1015 517 1119 598 oratis,
1144 516 1250 598 laevis,
1275 516 1382 594 mollis,
1402 517 1498 579 lutascc

377 629 520 704 respectu
536 622 748 704 magnitudinis
764 621 882 704 plantae
906 621 1039 703 parvula.
1071 619 1253 704 operculum
1269 621 1504 685 convexo-conisa

378 728 535 805 obtusum,
566 727 631 789 basi
656 745 793 807 cresum,
817 726 1095 791 eumatio-rubens.
1141 725 1279 790 Annulus
1302 725 1397 804 labus,
1422 721 1513 782 etrt'

379 831 460 893 serie
476 828 652 894 cellularum
677 831 870 913 compositus.
908 831 1079 894 Peristomii
1094 830 1202 895 dentes
1226 830 1303 894 inlra
1326 829 1448 892 medium
1466 844 1508 905 usq

377 935 461 999 bilidi
484 942 516 998 et
538 935 694 1016 lacunosi,
723 936 858 998 siccitate
890 936 1013 1016 retlexi,
1041 934 1273 1000 aurantio-rula
1319 933 1416 1014 Bryot.
1436 949 1487 994 eur.

380 1041 449 1105 Tab.
467 1037 541 1107 248.

380 1163 552 1227 Diaconum
574 1169 763 1242 contortum,
787 1163 918 1225 surculis
942 1161 1196 1244 subdicbotomis‚
1220 1161 1300 1226 loliis
1322 1159 1492 1225 lineari-seta
1519 1155 1524 1166 '

509 1267 719 1350 tortilibusque
736 1267 888 1348 capsulam
910 1266 1072 1348 oblongam
1096 1267 1320 1348 superantibus,
1345 1265 1417 1327 satis
1431 1263 1515 1322 cuna'

509 1369 640 1453 calyptra
663 1369 792 1452 aequali.
838 1370 991 1434 Wamsue.
1014 1369 1055 1432 nt.
1078 1377 1189 1454 carpet.
1213 1388 1240 1452 p.
1257 1367 1334 1451 346,
1358 1369 1427 1432 leb.
1440 1365 1464 1429 l.

381 1476 491 1557 Drgpt.
516 1481 677 1539 contortus
700 1473 781 1536 Bnm.
805 1473 905 1555 Bryol.
929 1475 1009 1540 univ.

381 1579 532 1642 Grimmt’o
552 1581 702 1643 accincto
723 1577 826 1642 mos.
856 1579 887 1640 in
917 1579 1012 1643 Sruaa
1034 1577 1189 1642 Deutscbl.
1214 1577 1291 1641 llos.
1339 1577 1391 1640 Ba.
1419 1583 1446 1637 et
1472 1616 1484 1636 s

509 1682 610 1766 Bryol.
643 1701 708 1746 eur.

382 1787 531 1850 Grimmt'o
552 1789 685 1851 tamarae
707 1787 902 1862 (Scuwascn.)
926 1785 957 1851 0.
982 1787 1097 1850 bitume
1121 1787 1191 1868 Syn.

467 1909 570 1973 liubit.
595 1909 633 1974 ad
655 1928 728 1972 saxa
750 1926 919 1992 quamosa,
949 1909 1126 1992 praeprimis
1149 1908 1186 1971 ad
1211 1925 1318 1970 eorum
1342 1906 1470 1970 laterae

381 2021 412 2076 et
434 2015 465 2075 in
487 2017 600 2098 cryptis
625 2015 682 2078 soli
711 2015 864 2097 imperalis
889 2033 944 2096 per
965 2015 1122 2098 regionem
1153 2011 1341 2093 subalpinam
1364 2027 1455 2076 zonae
1474 2009 1495 2066 in

382 2117 516 2182 mediae:
541 2117 577 2182 ad
600 2119 700 2182 lacum
724 2118 881 2198 Laapesee
896 2117 1093 2200 Carpatorum
1116 2118 1147 2180 in
1171 2117 1247 2179 ualle
1270 2115 1450 2201 confragosa
1469 2110 1488 2172 l'

380 2224 484 2303 praed
504 2219 583 2286 dicta
605 2225 657 2287 ubi
679 2224 716 2286 cl.
739 2221 939 2286 Wauaesesnc
962 2221 1093 2300 detexit;
1128 2223 1157 2283 in
1184 2221 1306 2285 Sudetis
1331 2210 1522 2294 (mamati

380 2326 530 2408 lleroynia
546 2327 703 2410 superiore
720 2326 856 2404 (litura),
881 2327 948 2407 ipse
971 2326 1173 2408 pulcherrime
1197 2325 1257 2410 legi
1281 2326 1313 2387 in
1332 2341 1446 2389 summo
1462 2319 1508 2396 l'ttt

381 2449 419 2493 m.
442 2417 613 2512 Rotoboelr,
637 2440 668 2495 et
689 2433 720 2494 in
743 2432 894 2495 montibus
917 2430 954 2494 ad
979 2431 1108 2494 Larium.
1154 2429 1178 2492 E
1201 2431 1382 2494 rarioribus.

453 2551 600 2618 Specirulne
618 2549 737 2620 originali
756 2550 789 2602 ab
808 2552 864 2618 ipso
886 2549 1089 2619 Wablenbergio
1107 2549 1139 2602 ed
1158 2548 1297 2617 lacapeno
1316 2551 1387 2604 lecto
1406 2561 1492 2613 compet

385 2647 441 2703 tus,
459 2637 557 2691 nullum
575 2637 637 2690 mihi
656 2637 761 2690 dubium
784 2646 902 2705 superest
919 2638 952 2689 de
977 2638 1086 2703 hujusce
1112 2639 1209 2705 speciei
1234 2637 1388 2705 synonymia
1411 2635 1440 2687 ed
1461 2649 1501 2683 nte

383 2722 642 2793 Weblenbergianum
654 2734 797 2793 spectante,
816 2739 959 2794 nomenque
972 2727 1079 2778 restituo
1091 2725 1198 2793 primum
1211 2727 1235 2776 el
1248 2725 1281 2776 eb
1295 2719 1497 2778 illustrissimoll

381 2812 536 2880 carpeticce
554 2823 659 2868 auctore
678 2815 831 2881 impositum.

456 2899 587 2954 Pulvinuli
605 2903 732 2955 rotundati
750 2909 862 2954 saturata
876 2901 971 2952 virides
991 2909 1074 2952 aetate
1093 2898 1252 2952 latescentes
1267 2895 1455 2966 abovamegeti
1470 2889 1508 2960 api

386 2986 447 3040 lolia
465 2997 620 3057 perangusta
638 2987 741 3054 mollia,
761 2984 925 3054 crispabilia,
947 2987 1052 3054 capsula
1078 2988 1181 3038 minima
1205 2984 1302 3052 pallida
1327 2985 1420 3040 leuiter
1441 2985 1480 3034 dee

383 3074 497 3142 plantam
514 3083 625 3128 nostram
643 3091 659 3126 a
678 3073 866 3144 congeneribus
885 3075 1006 3141 proximis
1025 3073 1103 3126 lecile
1121 3072 1288 3142 distinguunt

785 3249 829 3316 lb.
876 3247 1017 3315 llrlmnlt
1037 3248 1191 3330 torquata

796 3387 920 3440 Gnrvrus
939 3389 1019 3441 Scott.
1038 3399 1120 3456 crypt.
1140 3385 1179 3440 st.

471 3508 839 3592 condensato-pulvinata,
864 3513 1005 3594 pulvinuli
1023 3511 1109 3575 valde
1125 3511 1252 3575 conveni
1269 3509 1348 3572 baud
1365 3525 1433 3572 raro
1447 3511 1501 3566 eat·

295 3632 309 3648 ·
387 3613 529 3696 lragilea,
553 3631 685 3698 superne
709 3633 838 3680 amoene
867 3617 980 3681 viritas
1004 3617 1123 3680 inlerne
1147 3612 1298 3698 profunde
1320 3615 1381 3678 atri
1407 3611 1450 3674 rel
1475 3621 1501 3668 m

385 3724 502 3798 centes,
527 3718 642 3782 molles.
674 3719 777 3784 Planta
794 3729 907 3801 crecta,
931 3721 1045 3803 pluries
1061 3720 1242 3798 dichotoma,
1267 3719 1379 3798 mollis,
1402 3713 1480 3778 solo'

387 3821 451 3885 basi
472 3821 621 3886 redicens.
657 3825 738 3888 Folle
760 3827 1025 3909 erecto-patentia,
1049 3825 1185 3888 siccitate
1208 3824 1362 3906 spiraliter
1384 3822 1482 3884 urcem

388 3926 608 4008 lamentata,
632 3929 961 4014 oblongo-lanceolata,
986 3931 1132 3994 interiora
1149 3930 1274 4008 metica,
1299 3927 1455 4011 superiora
1473 3919 1512 3978 brt

387 4031 456 4113 pila,
479 4033 621 4114 casinate,
645 4035 781 4116 margine
804 4041 900 4114 recto,
922 4042 1008 4098 costa
1031 4035 1113 4098 tenui
1136 4041 1169 4096 ut
1191 4051 1222 4095 m
1245 4029 1463 4116 congeneribus
1481 4041 1494 4082 t·

388 4134 521 4217 liculata3
543 4139 619 4200 retis
635 4139 817 4202 crassissimi
833 4139 953 4202 areolae
969 4139 1144 4220 superiores
1160 4137 1398 4219 punctilormes,
1421 4127 1492 4194 iule'

388 4238 696 4324 elongatofliueares,
727 4243 846 4324 luteae,
868 4243 1044 4308 cellularum
1074 4241 1239 4324 parietibus
1261 4242 1376 4306 crassis
1399 4231 1515 4302 virid&

390 4360 424 4406 se
447 4343 575 4408 invicem
597 4353 743 4410 remotae.
787 4346 892 4411 Floras
916 4354 949 4410 et
971 4347 1089 4410 tructus
1113 4347 1217 4430 ignoti.

393 4465 540 4529 Gmmmio
562 4473 722 4550 torquata,
754 4468 890 4532 caulibus
922 4469 1072 4554 elongatis
1101 4467 1278 4549 pulvinatis,
1309 4465 1387 4529 loliis
1409 4451 1512 4524 bacol
