3106 5370
373 385 436 452 824
900 387 1043 460 Bmouae·

372 567 406 629 F.
431 569 607 630 ooloomens
630 568 795 631 Scuwmuu.
820 568 920 649 Suppl.
943 567 966 646 t,
990 568 1019 630 Ρ.
1045 567 1078 630 ΙΙ.
1124 566 1423 650 numismatum.

457 670 559 734 tiabit.
583 673 718 734 interra
742 671 837 752 nuda,
869 671 989 750 deusta,
1024 674 1055 734 in
1079 675 1171 734 muris
1195 679 1227 736 et
1248 675 1373 755 rupibus
1393 693 1442 756 per
1459 683 1527 735 toton

372 775 477 837 orbem
500 784 660 856 terrarum,
685 777 816 838 omnium
839 775 1061 859 vulgatissima3
1085 776 1284 854 nupturis
1301 778 1424 842 humidis
1437 779 1528 842 utun:

370 897 432 944 rar.
455 905 481 962 y.
504 882 535 944 in
558 880 734 964 regionibus
758 879 1014 943 meridionatibus.

458 987 695 1052 banormum.
719 993 855 1066 tempore
879 985 1005 1048 aestivo.

442 1109 564 1174 Quamvis
576 1109 684 1160 maxima
694 1107 804 1172 varians,
823 1106 945 1160 facillime
963 1117 1048 1159 tamen
1061 1106 1126 1158 inter
1137 1109 1221 1158 omnia
1234 1123 1382 1176 congenera
1394 1109 1525 1174 distinguitur

373 1193 489 1249 Omnium
507 1212 652 1250 mutuorum
671 1193 876 1262 vulgatissimus,
903 1195 979 1247 totius
997 1204 1081 1246 terrae
1099 1203 1149 1246 tam
1174 1194 1283 1263 trigidae
1302 1213 1379 1266 quant
1397 1195 1528 1248 uatid'sriutr

371 1282 473 1350 incola,
492 1283 575 1336 uotum
593 1290 692 1334 monton
711 1279 815 1333 aitiorea
834 1281 944 1348 fugiens.

763 1455 793 1522 b.
822 1451 950 1520 Fantrtt
970 1455 1171 1524 ntorostont.

818 1591 864 1646 an.
883 1603 909 1647 et
927 1593 982 1648 Sur.
1002 1593 1044 1650 Br.
1063 1613 1117 1650 eur.

458 1719 582 1783 Habitus
604 1718 639 1779 F.
662 1717 906 1798 bpprornetricue
928 1719 1062 1783 minoris.
1107 1717 1188 1782 Folia
1210 1718 1340 1781 comalia
1366 1720 1398 1780 in
1419 1733 1528 1802 gemma

371 1826 571 1890 conniventia.
610 1820 736 1904 capsula
752 1821 783 1882 in
798 1821 946 1902 pedioetto
962 1824 1114 1886 crassiore
1130 1841 1263 1906 superne
1280 1831 1407 1886 arcuato
1424 1823 1529 1884 dentur.

370 1931 491 2013 turgide
513 1928 695 2011 ppriiormis,
718 1925 854 2006 solidior,
878 1927 1029 1990 intensius
1053 1926 1149 2012 badia,
1173 1927 1339 2008 subnitida,
1366 1929 1441 1991 siooa
1461 1927 1538 1988 uinus¹

371 2033 519 2118 profunde
550 2032 679 2110 sulcata,
718 2031 861 2112 operculo
885 2031 976 2094 mutto
1005 2032 1119 2094 minore
1143 2033 1309 2096 mamillar'u
1357 2033 1531 2094 Peristonna

372 2141 484 2218 minus,
515 2137 666 2199 internum
689 2133 775 2196 valde
799 2135 1016 2217 imperfectum·
1061 2135 1158 2215 Brpol.
1185 2154 1251 2198 eur.
1275 2135 1326 2216 111,
1351 2136 1421 2200 Tab.
1436 2131 1493 2196 too.

370 2261 405 2324 F.
428 2261 626 2322 miorottomu
647 2255 697 2320 Bn.
720 2262 751 2318 et
774 2255 838 2318 Son.
861 2255 960 2337 Bryot.
989 2273 1053 2318 eur.
1076 2256 1095 2318 t.
1119 2278 1144 2321 c.
1191 2257 1224 2319 G.
1249 2257 1369 2320 titium
1393 2259 1498 2338 synope.

458 2381 562 2444 tiabit.
585 2381 617 2441 in
639 2376 787 2461 glareosis
810 2375 937 2439 humidis
962 2385 993 2440 et
1015 2379 1045 2440 in
1066 2379 1189 2460 rupibus
1219 2387 1303 2442 terra
1336 2395 1475 2462 quamosa
1497 2375 1528 2430 tt-

371 2487 459 2550 teotis
490 2502 586 2548 zonae
618 2481 829 2544 intermediae:
859 2481 896 2544 ad
924 2484 1001 2545 viam
1036 2483 1291 2565 Sptbpenrtrusse
1322 2504 1416 2568 prope
1446 2481 1529 2545 Auden

371 2591 515 2654 Rhaetiae
537 2588 587 2651 rabi
609 2585 663 2649 An.
685 2585 781 2648 Bmun
804 2586 928 2664 detexit,
952 2589 1051 2650 serius
1074 2607 1141 2650 oum
1168 2589 1249 2651 beat.
1272 2589 1372 2652 Bacca
1389 2589 1425 2653 ad
1441 2587 1527 2650 rirutut

373 2697 503 2758 Tarona
532 2700 617 2755 retro
651 2689 747 2754 Vbttis
781 2690 811 2752 in
845 2673 971 2754 libantia
1000 2692 1078 2776 legi,
1113 2694 1203 2756 etiam
1234 2695 1263 2754 in
1296 2695 1417 2776 rupium
1447 2691 1527 2754 ussup

369 2799 499 2864 humidis
523 2799 608 2860 socio
626 2794 713 2878 Brpo
725 2796 860 2877 pendulo
882 2814 977 2879 prope
993 2797 1241 2860 Sobtourenbocb
1265 2817 1303 2863 m.
1322 2801 1436 2862 Genetri
1448 2793 1537 2858 innati:¹

371 2923 388 2966 e
411 2903 552 2966 Neustria
574 2918 670 2984 prope
686 2899 810 2962 Fator'se
832 2899 938 2960 tectam
954 2898 999 2962 Da
1014 2899 1171 2964 demissos
1189 2901 1277 2982 misit,
1303 2921 1400 2986 prope
1415 2879 1537 2966 nunaut

370 3009 456 3071 ruitis
479 3005 627 3088 Enpodin
648 3003 685 3066 ad
708 3004 788 3084 ripas
811 3001 842 3066 ti.
866 3001 944 3066 Oeni
966 3005 1004 3067 ct.
1029 3002 1298 3069 Hsuarscn‘wenaa.

456 3113 559 3174 Fratot.
583 3116 693 3172 mator.
717 3105 753 3168 ud
776 3107 900 3170 aestatis
924 3107 1021 3174 finem.

439 3233 531 3286 Didert
548 3249 563 3284 a
581 3232 613 3283 di.
632 3229 830 3297 typrontetra'uu
851 3228 920 3283 iotiir
940 3229 1042 3300 tongiur
1060 3233 1222 3300 acuminatis,
1242 3233 1355 3301 capania
1372 3231 1470 3286 esuriat
1484 3238 1525 3292 prc-

371 3323 479 3390 eeitata,
504 3320 640 3384 solidiore,
665 3316 808 3384 aubaitida,
830 3317 934 3385 juniore
957 3317 1099 3372 intereunte
1125 3322 1226 3374 seniore
1245 3331 1364 3374 saturato
1383 3321 1462 3372 bediu.
1482 3326 1524 3366 stt

369 3410 487 3465 rnbtaevi
505 3407 547 3462 vel
565 3405 681 3460 obuoluta
698 3403 812 3472 sulcata,
835 3405 959 3474 operculo
977 3405 1054 3460 mutto
1080 3409 1191 3476 minore,
1215 3409 1369 3478 peristomio
1393 3409 1477 3460 interno
1498 3415 1515 3444 ³

370 3498 495 3568 perfecto.

834 3693 1096 3707 ...ψ-...-

863 3879 1069 3967 bmu

798 4035 874 4112 BR
884 4037 1128 4117 Yuonun.

454 4191 550 4254 Musei
571 4193 736 4275 aorooarpi,
759 4194 816 4258 sub
840 4196 915 4261 tiore
939 4199 985 4262 vot
1008 4200 1115 4264 ebusi
1138 4200 1334 4278 innovantes,
1358 4197 1508 4264 aurern

368 4295 495 4377 simplici
517 4294 566 4360 vet
587 4297 829 4362 innovationibus
852 4301 961 4366 binutis
990 4303 1047 4366 sub
1078 4303 1163 4386 epioe
1192 4304 1420 4388 egredientibus
1439 4299 1517 4384 ptnnn

368 4401 537 4464 dichotoma
568 4409 599 4464 ot
627 4401 949 4491 fastigium-ramoso,
980 4427 1050 4472 ruro
1080 4407 1272 4492 pleurouarpi
1299 4409 1386 4474 mute
1414 4403 1536 4478 minut}

367 4504 1515 4594 mmwmmmmmmmw
