3140 5372
366 389 430 452 488
873 394 1046 452 lasimccaa.
1080 387 1083 401 '
1183 429 1189 450 0

435 573 457 626 E
477 573 593 626 loliorum
612 571 698 624 axillis
717 569 856 638 plantarum
875 569 1001 622 sutilium
1014 569 1131 622 fasciculi
1144 569 1298 622 ramulorum
1314 567 1444 622 lliloru'uu
1453 583 1505 634 supr
1550 577 1551 636 l

365 662 547 731 egrediuntur,
571 659 624 712 illis
642 659 812 713 leucodoctis
830 653 1043 724 enctegaimiles.

367 751 469 802 tulus
487 749 576 804 exilia
594 747 737 802 Ssuwuson.
755 747 798 798 rix
816 745 848 797 ad
866 745 931 796 hanc
950 745 1083 798 reserenda
1103 755 1142 797 ast
1159 745 1283 814 speeiem.

759 901 833 965 Gan.
858 899 888 964 4.
933 899 1161 965 ndouooon.

854 1041 932 1093 iloou.
951 1051 978 1093 et
995 1039 1068 1092 Tart-

455 1167 557 1231 Guulis
579 1168 741 1250 primarius
765 1163 1116 1261 repens'rnicropluyllus
1139 1167 1214 1228 rami
1232 1165 1348 1230 fertiles
1362 1165 1519 1230 asoeudmtes
1550 1169 1551 1174 ’

364 1273 414 1336 rel
437 1274 545 1352 erecti,
568 1289 659 1354 parce
682 1270 732 1333 vel
755 1268 1044 1350 fasciculam-divisi,
1068 1287 1158 1351 parce
1182 1277 1213 1332 et
1236 1271 1401 1336 inordinate
1414 1269 1519 1332 muulm'
1550 1247 1551 1278 ἶ

365 1377 431 1442 basi
454 1376 643 1457 stoloulleri‚
674 1375 741 1458 plus
763 1375 861 1437 minus
885 1373 982 1437 deuse
1015 1377 1163 1456 congesti.
1210 1375 1291 1438 Folia
1315 1376 1404 1438 caulis
1424 1375 1520 1457 primarii
1550 1371 1551 1402 ³

365 1489 500 1562 remota,
539 1481 668 1560 minuta,
708 1479 938 1542 membranacea
965 1480 1014 1542 vel
1043 1497 1096 1562 pro
1118 1485 1203 1562 parte
1225 1481 1339 1543 romeis
1361 1477 1520 1557 similiani
1550 1479 1551 1490 ¹

366 1586 459 1650 caulis
483 1585 655 1650 secundarii
678 1591 709 1646 et
730 1583 914 1648 ramulorum
938 1585 1050 1665 majora
1082 1583 1234 1664 conferta,
1269 1583 1402 1666 undique
1429 1591 1522 1666 patratu
1550 1579 1551 1586 ’

365 1691 414 1754 vel
436 1689 589 1769 secunda,
627 1689 826 1751 minutissime
851 1687 1000 1764 areolala,
1039 1688 1124 1749 valde
1148 1688 1403 1770 chlorophylloea,
1432 1697 1523 1768 utraqu
1550 1711 1551 1718 ¹

366 1795 475 1879 pagina
513 1794 703 1858 densissimis
741 1793 934 1873 minimisque
972 1792 1088 1874 papillis
1130 1801 1279 1875 asperata.
1326 1792 1426 1856 Floras
1457 1793 1525 1856 dioiri.

366 1901 493 1963 Fructm
530 1899 562 1960 in
599 1898 733 1960 caulibus
772 1895 971 1958 secundariis.
1026 1893 1151 1978 Capsula
1190 1897 1322 1980 oblonga
1360 1908 1389 1960 el
1423 1899 1527 1981 elonpm

366 2004 542 2087 plerumque
566 2002 772 2084 cylindracea,
795 2001 961 2083 regularis,
986 1999 1158 2064 rulo-lusca
1183 2008 1213 2062 et
1236 2009 1395 2078 mamaea,
1416 2003 1551 2064 sorim

367 2109 477 2172 annulo
499 2113 629 2191 angusto
652 2109 699 2169 vel
723 2107 815 2169 nullo.
861 2105 999 2186 Calyptra
1023 2104 1219 2188 longiuscula.
1264 2105 1551 2176 resistentites>

366 2212 659 2291 lineali-lanceolati‚
692 2209 881 2293 longitndine
905 2208 1066 2286 mediocri,
1099 2209 1209 2272 interni
1234 2211 1409 2274 membrana
1430 2213 1545 2303 ltusilnn=

366 2324 507 2402 angusta,
529 2333 693 2399 processus
715 2317 827 2379 breves
843 2313 909 2396 plus
925 2313 1023 2385 minus
1039 2314 1234 2398 irregulares.
1273 2315 1425 2380 liabitatio
1439 2316 1530 2378 adorea

367 2430 398 2486 et
432 2421 574 2484 saxatilis.
620 2420 734 2484 Nomen
767 2421 916 2500 inaptum,
950 2437 966 2480 a
999 2436 1109 2501 gruem
1132 2437 1222 2498 voca,
1256 2419 1376 2498 ἄνομος
1405 2421 1551 2492 abeamus

284 2553 287 2562 ·
368 2527 525 2590 formatum
548 2533 605 2589 ast.

367 2629 550 2695 Anomodon
583 2629 677 2692 licor.
710 2637 741 2691 et
771 2627 856 2690 run.
887 2626 1012 2690 lluscol.
1046 2625 1116 2690 Brit.
1162 2626 1312 2690 flama.
1359 2629 1409 2694 lia
1437 2637 1466 2692 et
1491 2629 1532 2690 ss

497 2735 627 2798 Wusos.

367 2839 507 2904 Ncclrero
529 2848 559 2903 et
582 2839 698 2902 malm
720 2838 820 2901 llaow.
865 2835 945 2898 Baro.
969 2855 996 2898 e.
1021 2855 1045 2899 a.

368 2943 510 3025 Hypatam
532 2945 613 3007 Lrnn.
658 2943 735 3006 Diuo.
782 2943 877 3006 Sarra.
924 2941 956 3004 G.
981 2941 1105 3006 duum.
1542 2994 1551 3010 .

456 3047 547 3110 Color
575 3047 654 3110 laete
688 3047 735 3109 rel
765 3043 1008 3129 glauco-viridis
1042 3047 1207 3129 caespitum
1243 3055 1349 3112 aetate
1384 3049 1496 3110 vertitu
1518 3020 1551 3113 ἦ

367 3151 557 3216 ocirraceum.
603 3151 728 3233 Species
751 3151 855 3231 pluras
877 3151 1072 3230 reperiuntur
1094 3153 1123 3214 in
1154 3151 1295 3214 Amerioa
1332 3136 1548 3234 septentrionali

367 3255 418 3320 ubi
440 3273 540 3338 penus
556 3255 790 3338 pulcherrimum
810 3253 914 3317 l'dels'o
931 3254 1039 3318 Suum.
1065 3255 1196 3318 modium
1219 3263 1310 3320 tenet
1332 3260 1414 3320 inter
1429 3252 1547 3320 Lecta&

368 3367 399 3426 et
420 3361 670 3424 Anomodoalem.
1365 3381 1368 3386 ·
1548 3371 1551 3432 l

728 3515 731 3522 ’
761 3551 784 3616 1.
814 3551 988 3618 luouodou
1010 3551 1171 3616 restratus.

799 3690 900 3744 Leslsca
918 3699 1026 3744 rostrata
1044 3691 1130 3746 uruw.

454 3812 579 3876 llurnilis
602 3811 699 3875 dense
723 3813 929 3894 caespitosus3
952 3815 1103 3894 caespites
1129 3827 1260 3893 superne
1285 3813 1371 3876 laete
1394 3811 1493 3874 virides
1512 3807 1539 3866 ir·

370 3919 454 3981 ierne
479 3915 626 3980 ochracei.
672 3915 773 3979 Gauiis
796 3916 956 3998 primarius
980 3917 1008 3978 in
1033 3915 1216 3998 caespitibus
1244 3915 1443 3982 densioribus
1462 3931 1531 3978 ast-rr

368 4021 444 4084 dens
467 4028 498 4082 ct
520 4019 860 4099 fasciculam-ramosus,
885 4021 1012 4104 flagellis
1028 4023 1188 4098 innovans,
1205 4020 1335 4103 fragilis.
1377 4023 1453 4085 Folia
1472 4019 1542 4080 dena

368 4123 541 4200 imbricata,
576 4141 593 4184 e
627 4123 686 4186 late
719 4131 805 4186 ovata
838 4123 904 4186 basi
927 4131 1055 4208 anguste
1078 4123 1245 4186 lanceolata
1268 4121 1397 4210 longius
1418 4125 1542 4206 apiculos

368 4226 465 4290 solide
490 4233 615 4291 costato.
661 4225 878 4291 Perichaetium
902 4227 1132 4312 longiusculum,
1157 4227 1303 4306 albicans,
1330 4231 1412 4295 loliis
1433 4229 1543 4294 tonnus·

370 4329 530 4410 ecoslatis,
562 4331 689 4394 internis
712 4331 863 4415 elongatis
895 4333 925 4393 in
956 4332 1102 4413 apiculum
1126 4330 1256 4395 laminae
1279 4337 1487 4418 aequitongun
1506 4329 1543 4386 lt

371 4435 495 4497 lormem
530 4433 674 4496 reflexum
707 4435 870 4516 productis.
916 4433 1042 4515 Capsula
1076 4435 1198 4496 brevius
1230 4435 1434 4516 pericolum,
1464 4431 1542 4496 mad·

369 4539 517 4622 oblonga,
556 4537 740 4619 lusco-mla,
779 4539 923 4620 operculo
960 4540 1145 4622 lonpuostro
1201 4539 1378 4606 Peristoruii
1410 4553 1542 4626 panemo
