3238 5352
346 384 385 440 ΙΨ
863 386 1025 444 ternum

349 575 528 644 quoeunque
550 569 635 644 parte
658 570 760 628 terrae
780 563 1010 644 admoveantur,
1041 565 1205 630 sive=eauli
1227 571 1405 651 praesertim
1427 569 1465 635 sd
1490 589 1540 636 rs·

287 657 292 670 '
345 683 460 728 morum
489 666 674 728 novellorum
706 668 791 730 bosia
823 669 888 730 sive
916 671 1006 730 ramis
1040 671 1107 733 hinc
1135 673 1215 736 illico
1245 675 1363 738 radices
1387 678 1541 752 emittant,

346 769 466 850 quibus,
484 770 570 850 qussi
586 770 743 836 tentacuiis
762 771 927 852 fulcrisque
945 773 1097 836 substrato
1111 775 1233 839 adnecti
1250 786 1281 840 ct
1298 778 1414 860 alligari
1429 787 1542 844 emant.

433 874 580 954 Radices,
615 882 794 956 praeterea,
829 894 890 940 non
921 877 1016 940 solum
1047 897 1066 942 e
1100 880 1193 942 caulis
1227 881 1293 944 basi
1321 883 1369 944 vei
1400 903 1440 945 ex
1469 886 1542 965 ejus

345 995 495 1042 rumorum
527 978 623 1045 latere
654 986 756 1042 terrae
788 980 978 1043 incumbente
1010 979 1046 1042 ad
1078 981 1205 1063 plantam
1239 981 1416 1048 fulciendum
1444 993 1544 1068 sique

347 1082 483 1146 siendum
508 1081 721 1166 egrediuntur,
754 1083 808 1148 sed
838 1085 927 1148 etism
956 1103 974 1146 e
1007 1083 1144 1168 loliorum
1168 1087 1231 1150 basi
1260 1097 1350 1171 atque
1382 1091 1487 1172 spice,
1522 1110 1543 1151 e

346 1188 515 1250 summitate
538 1187 731 1266 ramulorum,
756 1207 773 1250 e
796 1189 889 1251 totius
912 1189 1004 1250 caulis
1027 1191 1196 1272 superficie.

434 1290 497 1354 'isli
530 1291 618 1354 modo
649 1291 765 1356 caulem
788 1291 985 1356 Dicranoruar
1010 1294 1185 1374 multorum,
1219 1296 1404 1378 Paludeliae,
1429 1299 1542 1362 Cincii·

345 1393 480 1474 diorum,
514 1393 676 1475 bimorum,
710 1398 854 1476 ilryorum
883 1415 910 1458 e.
933 1415 976 1474 a.,
1011 1397 1090 1460 inter
1110 1399 1332 1483 l'ieurocsrpos
1362 1403 1540 1485 Hypuonrm

342 1497 470 1580 plurium
500 1517 528 1562 e.
550 1517 576 1560 a.
599 1505 732 1590 tomento
763 1498 860 1564 denso
889 1519 907 1562 e
938 1501 1081 1563 radiculis
1113 1504 1249 1585 implexis
1281 1513 1425 1570 contexto
1454 1525 1542 1571 nunc

343 1601 489 1694 albicante
512 1619 591 1664 nunc
613 1601 788 1665 rulesccnte
811 1619 891 1664 nunc
915 1605 1082 1687 nigricante
1106 1608 1244 1670 obrutum
1269 1613 1447 1692 reperimus,
1473 1631 1540 1694 quo

343 1704 375 1768 lit
395 1712 430 1766 ut
450 1704 588 1789 singulae
619 1705 730 1788 stirpes
759 1705 835 1768 baud
864 1725 934 1768 raro
966 1715 1048 1769 ercle
1078 1707 1156 1772 inter
1185 1729 1219 1772 se
1243 1712 1426 1776 cohaereant
1447 1733 1540 1778 caes-

343 1803 482 1892 pitesqde
505 1808 707 1872 condensatos
738 1810 786 1872 vix
808 1810 1000 1874 extricabiles
1031 1810 1169 1878 efficiant.
1215 1815 1374 1879 Radiculae
1404 1817 1460 1882 hae
1483 1819 1541 1882 sd-

346 1913 484 1976 rentivse
506 1914 610 1976 caules
633 1931 693 1976 non
716 1914 811 1976 solum
835 1913 1043 1991 corroborant,
1067 1914 1122 1976 sed
1147 1917 1235 1980 etiam
1260 1918 1296 1980 ab
1313 1926 1415 1982 nesius
1439 1921 1540 2003 trigo-

346 2017 451 2099 risque
474 2017 591 2100 injuriis
607 2023 770 2099 protegunt
791 2026 823 2081 et
846 2017 999 2080 bunrurem
1015 2037 1032 2080 a
1047 2019 1114 2082 basi
1136 2020 1172 2082 ad
1189 2020 1303 2102 apicem
1329 2024 1541 2105 vegetativum

342 2121 482 2185 evehunt
515 2121 644 2184 Radices
661 2140 678 2182 e
695 2120 833 2184 loliorum
849 2123 933 2204 apice
951 2127 1037 2184 natse
1053 2121 1083 2183 in
1099 2122 1211 2203 Hypso
1225 2127 1391 2188 straminea
1406 2133 1438 2188 ct
1457 2148 1541 2190 cor-

342 2227 452 2308 disoh'o
467 2225 636 2305 observavi,
653 2224 864 2286 eramulorum
874 2224 957 2306 apice
967 2226 1053 2306 qussi
1068 2235 1282 2306 procurrentes
1297 2229 1328 2292 in
1341 2229 1539 2312 Cyiirsdrotth.

341 2329 601 2405 ciodorrhisontc,
625 2329 654 2390 in
678 2329 905 2408 Piapiothcciis,
929 2329 1181 2410 lihpochostepiis
1203 2350 1231 2392 e.
1254 2351 1281 2394 a.

426 2432 492 2496 Non
523 2432 608 2514 pauci
638 2439 737 2494 tamen
768 2433 862 2494 musci
894 2433 1086 2496 inveniuntur
1116 2452 1241 2526 quqrum
1278 2435 1399 2514 caules,
1431 2445 1539 2502 aetate

342 2543 500 2619 provecta,
525 2534 665 2598 radiculis
688 2537 810 2598 omnino
833 2544 936 2598 carent
984 2538 1033 2600 Sic
1055 2539 1084 2600 in
1109 2537 1256 2622 Sphagnis
1271 2539 1389 2602 radices
1412 2539 1442 2602 in
1458 2543 1540 2606 sniis

342 2640 449 2723 plantis
468 2639 639 2722 junioribus
669 2640 718 2700 vix
741 2659 758 2700 e
782 2640 939 2722 prothailio
964 2642 1098 2722 egressis
1127 2640 1251 2720 adsunt3
1283 2643 1312 2702 in
1336 2641 1434 2724 planta
1456 2663 1538 2725 per·

342 2745 419 2808 lecta
441 2745 536 2808 caulis
568 2751 675 2807 cortex
702 2743 864 2826 spongiosa
894 2761 951 2804 nec
981 2759 1041 2804 non
1072 2744 1177 2806 ramuli
1208 2743 1361 2806 hlilormes
1388 2743 1537 2810 declinati

340 2867 445 2932 solnm
476 2849 563 2913 avide
587 2854 769 2930 ussupentes
794 2865 897 2910 esrum
919 2847 1016 2910 locum
1047 2855 1151 2910 tenent
1178 2848 1319 2930 ipsasque
1350 2865 1537 2931 supersecu-

341 2973 414 3018 ness
436 2954 577 3018 reddunt
621 2953 653 3016 ln
676 2953 810 3034 liypnis,
843 2970 969 3034 quorum
992 2953 1094 3015 caules
1117 2953 1215 3016 denso
1236 2954 1356 3035 agmine
1378 2954 1537 3036 caespites

340 3058 505 3142 protentos
527 3057 729 3124 constituunt,
752 3057 885 3137 saepius,
910 3057 1070 3138 praecipue
1093 3056 1167 3120 locis
1191 3043 1384 3138 siccioiibus,
1409 3057 1533 3121 radicu-

340 3163 384 3226 los
407 3162 517 3226 trustra
541 3162 678 3244 quaeris,
709 3160 776 3242 quin
801 3159 1023 3241 primordiales,
1052 3177 1118 3222 curn
1151 3161 1244 3222 emulis
1273 3169 1358 3241 parte
1382 3161 1530 3226 inieriorc

340 3273 437 3330 aetate
459 3273 636 3348 corruptae,
658 3263 858 3327 secundaneis
882 3262 968 3326 nullis
991 3265 1176 3346 supplentur.
1220 3264 1339 3344 Plantis,
1363 3272 1534 3346 caeterum,

339 3389 373 3434 se
396 3372 524 3434 invicem
547 3371 786 3448 sustinentibus,
817 3367 1019 3431 humiditatem
1049 3369 1086 3431 ad
1114 3369 1204 3432 vitam
1232 3371 1436 3432 necesssrism
1461 3390 1538 3451 pro·

339 3475 433 3539 thado
454 3475 588 3556 caespite
612 3473 792 3552 terentibus,
816 3472 936 3536 radices
959 3489 1014 3534 nec
1037 3471 1074 3535 ed
1096 3491 1149 3534 ees
1166 3479 1266 3534 terrae
1290 3471 1457 3556 inhgcrdas
1474 3491 1539 3538 nec

340 3579 376 3643 ud
399 3595 508 3642 succos
540 3577 717 3640 evehendos
749 3576 837 3638 ullius
860 3577 994 3640 utilitatis
1026 3575 1163 3638 luissent
1207 3576 1351 3658 lippeam
1374 3577 1538 3658 (sybeo-

339 3684 445 3760 mium)
468 3683 640 3760 Schrebem',
663 3681 700 3744 11.
715 3681 888 3762 splendens,
910 3681 947 3744 11.
971 3681 1235 3762 meschauea.
1258 3679 1335 3742 haud
1359 3697 1428 3744 raro
1450 3681 1538 3744 redi·

339 3785 423 3850 cibus
455 3787 579 3850 omnino
608 3785 765 3864 destituta,
795 3785 858 3848 suis
889 3785 963 3848 loeis
996 3784 1194 3866 pulcherrime
1225 3785 1329 3866 vigent
1357 3793 1539 3868 terramque

339 3892 556 3954 sterilissimum
578 3897 678 3972 tspcte
701 3891 778 3952 laete
801 3891 919 3952 virente
942 3889 1097 3970 obtegunt

424 3995 455 4060 Si
483 3995 520 4060 nd
549 3995 747 4058 rsdi'culsnrm
776 4000 956 4056 structuram
987 3993 1150 4074 respicias,
1183 3992 1429 4074 simpbcissimsm
1461 4015 1538 4062 carn

339 4099 464 4164 videbis.
508 4097 673 4183 Esinguls
697 4116 805 4178 nempe
829 4097 910 4160 serie
935 4095 1108 4160 cellularum
1130 4097 1257 4178 obliquis
1276 4097 1439 4178 perietibus
1454 4117 1537 4164 con·

339 4204 486 4288 liguarum
515 4204 741 4267 conformentur
771 4199 922 4263 radiculae
954 4202 1092 4283 propriso
1120 4209 1153 4264 ut
1176 4209 1206 4264 ct
1228 4201 1421 4280 advertisse,
1449 4221 1536 4284 quse

339 4315 485 4390 undeque
507 4308 599 4388 prima
625 4313 724 4372 aetate
749 4305 899 4386 simplices
915 4307 1013 4370 serius
1032 4324 1168 4370 ramosae
1185 4314 1216 4368 et
1239 4305 1536 4372 lasciculsto-ramu-

339 4411 421 4476 losse
444 4411 645 4492 inveniuntur,
669 4407 791 4472 ramulis
808 4409 971 4473 instructae
988 4411 1184 4490 tenuioribus,
1209 4401 1394 4474 mollioribus
1408 4411 1535 4494 pallidis

338 4515 509 4582 bbrillnrum
519 4515 617 4582 locum
629 4517 792 4600 plantarum
805 4515 993 4598 superiorum
1005 4515 1187 4580 tenentibus.
1205 4513 1373 4592 (Vidicon.
1384 4513 1534 4600 tahlv.)
