3238 5352
369 391 477 470 mlv
889 391 1052 448 lamorluetio.

368 563 587 644 demnibir'a,
624 567 851 633 l'ricboatcmis.
896 569 1013 632 Dentes
1045 568 1127 633 bifidi
1149 588 1167 633 a
1189 568 1350 652 garninatis
1373 568 1461 632 iacile
1482 569 1560 632 inae·

369 668 510 750 qualitate
543 668 719 733 laciniarum
752 671 989 756 disungnnntnr.
1033 671 1149 736 Dentes
1185 680 1341 736 caeterum
1374 674 1561 736 inveniuntur

369 773 473 850 locari,
493 780 527 836 ιιι
540 773 571 835 in
586 775 835 839 Dcrmotodontia
850 776 1010 858 speciebus
1027 777 1190 857 nonnullis,
1213 778 1349 842 ambrosi
1363 779 1442 842 utin
1460 779 1562 840 Grim-

367 879 430 940 etio
452 877 628 955 (Sceuae.)
651 898 823 961 opacos-po,
847 881 878 943 in
901 881 1128 944 Coscirtodorttc
1147 883 1321 963 msere,
1347 885 1378 946 in
1393 884 1563 947 moneto

365 982 667 1064 [momentosas.

453 1085 486 1148 ln
524 1087 714 1167 paucissimis
750 1087 928 1171 superficies
963 1089 1085 1153 omnino
1119 1090 1215 1154 laevis
1257 1092 1442 1173 conspicitur
1471 1095 1503 1154 ut
1532 1093 1565 1154 in

367 1191 592 1271 Sclipcrioccia,
614 1192 846 1271 Splocltnoccis,
868 1193 1132 1275 Polytricboccrs;
1154 1197 1185 1257 in
1207 1195 1363 1277 plerisque
1383 1201 1487 1258 contra
1502 1213 1565 1258 non

368 1295 465 1358 solum
499 1295 588 1358 lineis
619 1297 874 1360 transversalibus
909 1299 1103 1378 prominens,
1139 1301 1374 1364 ordmlotioscs
1405 1301 1566 1363 nomimtis

366 1397 553 1478 trabeculati,
577 1398 632 1462 aad
655 1401 745 1462 etiam
762 1400 896 1483 grandis
912 1401 1089 1484 pupillisque
1111 1403 1284 1485 exasperati
1301 1403 1504 1484 reperiuntur,
1527 1410 1566 1466 ut

367 1503 398 1564 in
421 1502 635 1580 Ortbotrichs'a,
663 1503 778 1582 illoto,
801 1503 964 1582 Barbatia,
991 1505 1226 1584 Trichostcmis,
1249 1512 1281 1568 et
1302 1524 1362 1569 non
1385 1509 1469 1589 pauci
1493 1515 1568 1570 sont

368 1623 496 1690 quonum
520 1607 614 1670 iacies
637 1607 756 1670 interna
779 1607 935 1672 lamellosa
964 1609 1083 1690 evadit,
1116 1611 1201 1674 utin
1224 1610 1325 1674 multis
1347 1609 1497 1692 Bryoccis
1518 1617 1568 1674 at-

367 1729 426 1794 que
449 1711 636 1792 lippaoccir.

453 1815 545 1878 Color
560 1813 695 1878 dentium
711 1833 771 1878 non
789 1815 889 1878 minus
903 1817 1000 1880 uariat
1015 1836 1103 1900 quam
1121 1817 1216 1883 lorma
1233 1827 1264 1882 et
1279 1819 1464 1903 pinguitudo.
1495 1819 1567 1884 larn

366 1927 437 1983 ante
460 1921 659 1984 maturitatem
682 1927 714 1983 et
735 1919 806 1982 dum
822 1921 945 2003 capsula
969 1929 1028 1985 tota
1044 1921 1141 1984 adhuc
1162 1924 1270 2004 vireat,
1295 1923 1406 1987 dentes
1428 1925 1567 1989 colorem

366 2023 493 2088 induunt
519 2025 672 2106 proprium
694 2024 821 2106 primum
851 2023 1023 2088 dilatiorem
1046 2025 1176 2088 subinde
1203 2027 1432 2109 profundiorem
1454 2034 1485 2090 et
1506 2047 1569 2110 pro

367 2131 538 2212 specierum
560 2129 707 2192 varietata
731 2129 990 2207 interaneorum,
1011 2131 1246 2211 samosatam,
1269 2133 1459 2210 ιιιιιιαιιιοιιι,
1478 2151 1569 2213 par-

363 2253 503 2318 purcant,
526 2239 557 2296 et
579 2239 859 2314 otro-purpuream
881 2229 1057 2312 ludentem,
1076 2234 1121 2296 sic
1143 2235 1175 2296 in
1197 2252 1288 2319 genn
1312 2237 1568 2316 Dernotodoate,

366 2340 497 2422 llpprto,
529 2337 646 2402 Lateo
668 2338 799 2401 luteolus
831 2339 880 2401 vel
909 2338 1064 2402 latescans
1099 2340 1300 2420 conspicitur,
1333 2341 1510 2421 [acescens
1533 2343 1569 2404 in

366 2445 482 2510 lisceto
504 2449 535 2506 et
558 2442 710 2506 nonnullis
735 2443 999 2523 Polytricltoocis,·
1025 2445 1158 2507 molem
1180 2444 1211 2506 in
1233 2442 1477 2508 Bortrosts‘accir
1500 2445 1568 2528 ubi,

365 2557 398 2613 nt
420 2551 449 2611 in
479 2547 630 2612 nonnullis
653 2547 821 2628 lirpoccim
853 2547 1047 2629 Hypsoccts,
1079 2547 1128 2609 vel
1161 2548 1192 2609 in
1220 2551 1437 2612 aoroedaeass
1458 2549 1509 2612 vel
1533 2551 1568 2614 in

363 2671 554 2738 perparcum
575 2652 651 2732 abit3
672 2671 849 2732 purpureos
871 2653 901 2714 ln
924 2652 1064 2715 omnibus
1087 2651 1154 2716 lere
1169 2653 1385 2732 meramors,
1408 2653 1438 2716 io
1459 2654 1570 2718 Fissa-

366 2757 515 2834 dcats'bur,
537 2755 693 2834 Barbatia
720 2756 937 2820 Trichortomis
959 2763 1034 2836 etc,
1063 2763 1309 2838 otropsrporcor
1331 2758 1361 2820 in
1383 2759 1571 2840 spueban-

367 2863 439 2941 oeir,
462 2863 492 2924 in
515 2860 764 2942 Ptcrappophyllm
787 2860 946 2924 lontieoli
960 2868 1017 2924 etc.

451 2965 591 3028 [tentiam
614 2963 741 3028 directio
763 2965 820 3028 alia
844 2973 893 3028 cst
915 2985 983 3028 cum
999 2966 1144 3048 operculo
1160 2967 1284 3046 obtecti,
1307 2967 1448 3030 alianum
1472 2965 1571 3032 liberi

365 3069 552 3153 bumoreque
577 3069 709 3148 imbibti,
732 3067 789 3132 alia
812 3083 879 3132 cum
902 3071 1047 3132 exsiccati
1069 3072 1308 3154 conspiciuntur.

452 3173 605 3257 Operculo
636 3173 747 3235 frenati
778 3171 887 3236 dentes
910 3174 1166 3238 erecto-inclinati
1189 3175 1220 3236 in
1243 3191 1352 3238 conum
1375 3175 1423 3238 vel
1447 3173 1570 3240 tbolum

365 3279 537 3358 connivent,
561 3279 592 3340 in
614 3277 689 3340 solis
704 3276 852 3341 Barbatia
873 3278 953 3342 lunis
976 3276 1013 3342 ad
1037 3279 1134 3342 instar
1156 3278 1307 3343 convoluti
1329 3287 1509 3362 assurgunt,
1536 3283 1572 3346 in

365 3385 512 3450 suono
527 3382 648 3464 oblique
665 3383 696 3444 in
711 3381 965 3465 hemisphaerium
987 3384 1234 3466 congrediuntur.
1270 3371 1431 3466 Operculo*
1443 3383 1573 3450 liberati

365 3505 516 3570 numaque
540 3487 661 3550 sicciori
684 3487 902 3550 circumfluenti
925 3489 1071 3569 expositi,
1101 3487 1299 3552 directionem
1322 3489 1498 3571 pristinam,
1525 3491 1572 3556 ob

366 3611 501 3676 nagnam
535 3591 669 3674 plurimis
701 3591 909 3656 inhaerentem
931 3591 1255 3675 hygroseopicitatem‚
1289 3600 1402 3656 mount
1423 3602 1455 3658 et
1479 3601 1572 3658 nom

364 3699 432 3782 plus
454 3698 592 3760 minusve
615 3695 716 3760 subito
737 3693 774 3758 ad
800 3697 952 3760 exteriora
974 3695 1153 3776 discedunt,
1176 3697 1306 3779 plurium
1328 3699 1418 3762 etiam
1441 3701 1572 3780 specie·

364 3821 430 3866 rum
454 3799 561 3864 denus
593 3799 709 3881 duplice
740 3807 811 3862 tnnc
834 3808 916 3865 motu
939 3807 1086 3886 aguntur,
1117 3803 1215 3883 primo
1238 3819 1347 3884 nempe
1369 3821 1431 3884 qno
1453 3820 1572 3868 recur-

363 3913 471 3971 rantur
490 3913 522 3968 et
536 3905 633 3968 altero
648 3922 719 3986 quo,
741 3905 845 3968 lateris
868 3907 1023 3970 interioria
1045 3907 1262 3986 contractione,
1286 3907 1492 3970 inflectuntur.
1536 3907 1574 3972 ln

365 4011 529 4090 wasa,
552 4011 711 4090 Βίοηιιιίι,
733 4011 956 4076 dissidentibus
977 4019 1010 4073 et
1031 4011 1246 4088 Ortltotriebis,
1269 4011 1299 4074 in
1321 4011 1432 4094 Bryis,
1454 4011 1574 4092 Haila,

364 4117 544 4194 cisclidiis,
575 4115 739 4194 Nechesia,
773 4115 894 4198 Hypsois
917 4135 945 4178 e.
971 4135 997 4179 a.
1020 4115 1130 4179 codem
1152 4117 1298 4200 temporis
1323 4123 1479 4180 momento
1501 4135 1576 4198 quo

362 4221 539 4306 operculum
562 4219 712 4303 dejicitur,
736 4219 903 4302 peristomii
920 4220 1040 4282 externi
1056 4219 1164 4283 dentes
1180 4219 1341 4284 discedunt
1355 4219 1576 4304 capsulaequc

363 4324 508 4392 orificium
531 4323 684 4388 radiorum
707 4323 986 4408 potentissimorum
1009 4331 1095 4388 serto
1118 4325 1363 4409 elegantissimo,
1392 4343 1491 4390 aureo
1518 4329 1577 4392 vel

363 4447 526 4514 purpurae,
549 4429 704 4492 decoram.
737 4427 822 4492 liadii
844 4428 1016 4512 hujusmodi
1038 4429 1211 4494 edentibus
1233 4431 1382 4496 ellormati
1405 4431 1436 4494 iu
1453 4433 1578 4496 Grin-

362 4538 427 4600 att'o
449 4535 625 4612 (amasa)
647 4553 821 4618 epocorpo,
844 4535 1001 4616 emate,
1032 4535 1061 4598 in
1085 4535 1209 4600 Grimen
1229 4537 1404 4618 postoima,
1433 4545 1580 4618 patente
