3144 5366
503 404 666 472 llppuacune.
1118 397 1182 460 055

16 581 102 662 pupilla
121 578 299 643 rulo-basila
333 579 400 660 plus
432 579 529 640 minus
564 578 709 660 producta
738 583 770 641 et
791 577 923 642 curnula.
969 579 1177 644 Peristominm

14 683 208 765 praecedentis.
251 680 353 764 Bryol
375 699 441 744 eur.
465 684 501 762 V,
524 682 595 746 lab.
612 678 687 746 489.
1187 687 1189 696 ’

12 805 76 887 llpp.
97 803 215 868 Ooiess's'
237 803 392 867 Somnium
416 803 447 866 in
471 801 550 866 Gonu
573 803 693 867 Manual
715 802 751 866 oi
774 802 890 885 liutany
912 823 940 885 p.
964 799 1028 868 673
1051 801 1180 885 (1848),

120 915 149 972 ct
168 909 200 971 in
222 907 311 972 ilem.
333 907 466 970 imario.
489 907 583 971 Aean.
613 907 650 972 oi
677 907 752 970 Aris
784 906 843 970 and
873 907 1018 972 Scienocs
1051 909 1109 974 vol.
1132 909 1180 991 iil,

122 1009 212 1093 ione,
235 1031 263 1095 p.
289 1009 361 1092 173,
386 1019 407 1074 t
431 1011 467 1094 ὃς
491 1029 509 1074 e
533 1012 655 1094 specim.
679 1012 829 1102 auctoris!

45 1117 72 1182 G.
93 1117 202 1181 nunna
226 1118 354 1200 Synops.
400 1117 523 1180 Wnson
544 1116 645 1198 Brpol.
668 1116 740 1181 Brit.

8 1221 144 1302 liplooom.
167 1221 294 1286 Ouisesii
317 1221 431 1285 Saarna.
457 1217 567 1286 Coroll.

9 1326 72 1406 llpp.
90 1327 272 1407 fimbriatum
294 1325 403 1391 llanru
427 1326 539 1391 Skaud.
562 1324 641 1389 lior.
664 1326 713 1389 eol.
730 1325 749 1389 5
766 1321 890 1403 (1849).
921 1324 955 1389 G.
972 1324 1087 1390 litum
1111 1326 1181 1410 Syn.

7 1429 97 1511 llploc.
116 1433 302 1513 fimbriatum
323 1429 374 1496 Bu.
398 1437 429 1494 ct
452 1431 516 1496 Sca.
539 1430 640 1512 Bryol.
663 1447 729 1494 aur.
1244 1439 1248 1448 “

7 1533 130 1616 lippeam
151 1538 358 1619 Pyrenus'eum
387 1536 497 1600 Sraocn
527 1535 558 1598 in
587 1536 667 1600 Anu.
696 1534 762 1600 Nat
788 1535 864 1598 iiist.
886 1535 944 1601 voi
966 1534 1020 1616 lll,
1053 1555 1081 1619 p.
1109 1533 1180 1617 129,

117 1648 136 1704 i
162 1642 177 1705 i
195 1636 310 1718 (1849)
327 1648 358 1704 et
380 1641 411 1702 in
434 1639 532 1724 ejusd.
554 1640 648 1704 biusc.
673 1639 781 1722 tyreu
805 1639 894 1723 stirp.
912 1641 1025 1704 essue
1055 1639 1088 1706 C.
1103 1640 1181 1704 liuu-

115 1765 165 1808 rsa
189 1747 319 1829 Synops.

3 1845 68 1928 lipp.
90 1847 278 1914 mwirostw
301 1850 489 1914 Somnium
511 1856 562 1912 mi.

73 1968 173 2032 Habit.
198 1970 228 2032 in
259 1969 352 2051 sylvis
380 1967 487 2050 alpinis
518 1985 615 2032 nonae
648 1966 849 2032 intermediae
880 1976 912 2032 et
940 1969 1128 2052 Britanniae,
1161 1991 1180 2034 e

2 2071 112 2154 regione
134 2073 282 2138 interiore
304 2091 402 2156 usqne
426 2069 463 2136 ad
486 2073 628 2136 arbonam
652 2071 762 2134 limites
789 2087 886 2136 nonae
909 2075 1176 2156 septentrionalia;

2 2175 98 2254 primus
120 2179 150 2242 in
173 2177 326 2262 Norvegia
349 2176 387 2241 cl.
410 2177 596 2242 Sonusaraur
617 2176 702 2260 legn't,
725 2176 795 2239 dein
818 2176 849 2238 in
873 2175 1020 2242 Gesiricla
1043 2177 1180 2242 Harma

2 2285 24 2338 et
42 2279 70 2342 in
91 2282 257 2364 Pyrenaeis
280 2281 315 2344 li.¹
340 2281 466 2360 Suanos,
501 2281 555 2346 sed
591 2281 688 2344 solum
715 2274 881 2363 specimina
909 2280 1008 2345 iruciu
1036 2284 1180 2363 carentia,

2 2379 94 2448 ionilla
115 2387 233 2470 primm
255 2387 340 2450 amic.
366 2384 478 2450 Sauma
498 2386 530 2449 in
552 2385 712 2468 Pinsgoria
736 2385 871 2468 reperii,
905 2385 1015 2450 fraires
1045 2387 1184 2450 numu

2 2488 113 2571 uAlpe
136 2491 322 2572 Dourefjelri
342 2507 438 2572 prope
459 2490 629 2554 Dricsim
651 2488 809 2574 legarunt,
839 2489 878 2552 ol.
906 2490 958 2553 Dr.
983 2491 1129 2557 Scnwuz
1150 2492 1182 2554 in

2 2588 108 2674 ilpibus
131 2594 337 2678 salisburgiae
360 2610 455 2676 prope
477 2595 659 2674 Suoifelaien
682 2600 713 2656 et
736 2592 802 2657 aliis
824 2593 899 2658 locis
922 2602 1043 2679 reperis
1065 2614 1182 2659 urecum

2 2701 233 2779 ommunicavit,
265 2701 296 2764 in
318 2698 420 2780 'lyroii
442 2716 537 2781 prope
561 2699 636 2764 nae
656 2698 742 2762 vallis
767 2699 946 2780 Ziiiertisni,
977 2701 1007 2763 in
1038 2699 1182 2765 llbaetiae

2 2802 59 2865 salle
90 2806 261 2887 Prutfipau
293 2803 453 2886 superiore
486 2803 621 2868 caulibus
658 2803 796 2894 implexis
829 2821 902 2869 saxa
934 2805 1083 2890 obtegens
1116 2807 1182 2888 ipse

2 2903 114 2972 observi.
158 2909 208 2974 Ex
230 2908 393 2972 Americae
416 2915 494 2989 sept.
516 2908 760 2973 llontibus-albis
783 2907 1003 2974 cismarinus
1026 2910 1114 2974 misit

67 3015 175 3080 Fruet.
200 3020 311 3077 matur.
335 3020 496 3078 auctumno
519 3019 551 3076 et
572 3011 668 3095 primo
691 3029 775 3076 vere.

51 3131 143 3190 Diieri
161 3135 196 3188 ab
215 3135 248 3187 11.
267 3136 391 3188 umato
409 3135 554 3203 caespitum
573 3134 655 3186 minus
673 3117 813 3198 ripidorum
833 3133 920 3188 colora
939 3133 1009 3187 laete
1027 3143 1054 3187 ci
1068 3145 1183 3189 naturate

2 3217 73 3288 liridi,
92 3221 171 3276 caulo
190 3221 345 3291 simpliciter
363 3231 390 3274 et
406 3229 505 3275 remota
529 3221 793 3288 pinnato-ramulam,
819 3219 888 3274 loliis
912 3221 1019 3274 caulinis
1043 3222 1183 3290 majoribus

2 3307 148 3375 onpioribus
167 3309 262 3378 raptim
280 3309 432 3364 breuissime
450 3307 490 3364 vel
510 3309 604 3362 sensim
624 3307 726 3376 longius
738 3293 776 3361 'et
798 3309 932 3377 manutius
950 3309 1117 3372 acuminatis,
1144 3310 1182 3362 in·
1222 3343 1226 3348 -

2 3407 54 3446 true
71 3399 191 3466 margine
210 3393 329 3464 reflexis,
355 3396 504 3466 prolandins
523 3395 643 3462 senatis,
666 3393 797 3448 ramulinis
816 3395 898 3448 minus
916 3395 1041 3450 corsiensis
1057 3395 1182 3450 subcom·
1317 3437 1320 3444 ,

3 3477 99 3550 lanatis,
118 3485 241 3538 omnibus
259 3483 432 3551 nitidioribus,
450 3481 682 3553 perichaetislibus
694 3483 837 3551 squamosis
849 3481 1039 3550 sublimbriatis,
1058 3480 1181 3550 capsulae

4 3571 107 3636 pesculo
133 3571 238 3640 longius
262 3569 403 3641 spleniato.
439 3569 511 3625 ilaud
535 3587 618 3624 rarum
646 3569 693 3624 sesi
714 3571 898 3638 praetervisum
923 3581 949 3624 et
973 3587 1031 3624 cum
1055 3577 1180 3639 sequente

2 3659 84 3725 sepius
102 3668 145 3713 sat
163 3659 241 3713 simili
259 3667 448 3715 commutatum.
486 3657 514 3712 lu
532 3655 635 3726 Europa
653 3657 783 3712 rarissime
802 3657 946 3714 imctiiicat

331 3834 359 3902 t.
387 3833 588 3917 neruo-tu
609 3795 834 3902 biennum.

436 3988 517 4044 uun.
536 3989 617 4044 biusc.
636 3990 731 4044 emico.

70 4129 233 4214 caespites
257 4129 367 4215 magni,
390 4135 609 4211 tumescentes,
632 4129 770 4214 rigiduli,
794 4127 903 4212 pallide
926 4129 1023 4194 rarius
1047 4137 1181 4195 saturato

4 4233 106 4298 uides.
154 4233 257 4298 Gauiis
279 4233 413 4332 aoliflus,
436 4241 699 4299 arcuato-erectus
721 4241 753 4300 ei
782 4232 1003 4318 procumbens,
1033 4233 1181 4318 irregula-

2 4338 111 4403 iteret
134 4338 394 4405 subiusoioulatim
417 4339 789 4421 bipinnato·ramulosus,
813 4337 890 4403 baud
913 4355 984 4402 raro
1005 4339 1181 4423 perlongus,

4 4443 181 4526 arapbplliis
204 4443 327 4508 minutis
348 4442 498 4528 protunda
521 4443 626 4508 divisis
648 4443 785 4508 villosus.
829 4442 910 4507 Folia
934 4443 1049 4507 canlina
1072 4443 1181 4525 patula,

2 4565 148 4628 uuamosa
165 4556 198 4613 et
213 4548 420 4630 subsecundo,
436 4547 495 4614 iaie
510 4547 750 4630 cordato-onata,
765 4547 866 4614 subito
881 4555 1009 4632 anguste
1024 4547 1181 4632 a'pioniata,
