3122 5362
498 394 669 450 venissest.
1135 383 1178 453 Ι

25 587 61 652 pro
76 567 176 652 plantae
198 569 404 654 magnitudine
427 587 526 652 parva.
562 571 772 634 Peristomium
793 569 957 652 parvulum.
986 563 1095 651 'Bryol
1112 587 1177 633 eur.

23 673 104 739 llil.
123 673 170 739 80.

30 744 34 754 Ι

20 797 152 860 nomm
179 798 362 860 andoletum
389 798 512 860 surculo
541 814 683 876 ramoso,
715 795 794 860 loliis
825 794 970 860 confertis
1003 795 1178 860 lanceolatis

113 902 327 964 obtusiusculis
350 901 500 986 undulstis
523 899 795 978 sublreterornallis,
819 901 915 964 tlrecis
937 901 1033 964 oratis
1055 902 1178 964 cernuis

112 1007 252 1088 operculo
268 1012 410 1070 rostrato.
458 1007 578 1070 Scrnnn.
596 1007 673 1088 Spic.
690 1005 731 1068 Fl.
749 1024 845 1087 germ.
890 1004 970 1068 Baro.
987 1003 1084 1086 Bryol.
1097 1007 1177 1069 univ.

20 1109 151 1174 lisam
165 1111 339 1175 Sclrcdero'
362 1112 526 1176 Sermusa.
546 1110 645 1193 Suppl.
661 1110 683 1190 l,
707 1111 737 1174 l’.
753 1109 774 1174 Ι.
820 1109 904 1172 Wss.
921 1117 953 1172 et
967 1109 1051 1173 llonn
1066 1109 1130 1176 Bot.
1146 1111 1178 1176 Τ.

111 1215 158 1279 nn.
182 1225 215 1280 et
239 1217 305 1280 Sca.
329 1215 429 1297 Bryol
451 1234 516 1278 eur.
541 1216 560 1277 l.
584 1235 611 1278 o.
655 1215 763 1280 unm.
788 1213 898 1278 Slrsnd.
921 1213 963 1279 Fl.
1009 1213 1179 1280 ultuma

110 1321 236 1404 Synops.
282 1321 326 1382 De
348 1319 457 1384 Norae.
481 1321 590 1402 Syllab.
634 1319 757 1384 Wnson
778 1318 877 1401 Bryol.
900 1317 972 1384 Brit.

74 1443 166 1505 liubit.
200 1442 277 1506 locis
308 1443 467 1526 uliginosis
498 1442 643 1505 torlaceis
674 1442 809 1526 regionis
841 1448 1001 1504 montanae
1024 1447 1056 1504 et
1077 1439 1177 1504 subal-

13 1545 92 1628 pina,
120 1547 362 1630 septentrionem
392 1565 501 1610 versus
524 1547 702 1630 campestris
725 1565 781 1628 per
811 1553 903 1608 totam
934 1543 999 1608 lere
1029 1545 1177 1630 Europam

16 1657 76 1730 itque
94 1653 262 1716 Americam
286 1659 363 1734 sept.

70 1757 163 1822 incr.
187 1765 304 1820 mator.
329 1755 366 1820 ad
389 1755 479 1820 linem
503 1757 637 1819 aestatis.

59 1879 131 1932 varin
154 1879 227 1932 loliis
250 1878 310 1948 plus
336 1881 419 1932 minus
443 1878 544 1948 rugosis
567 1894 625 1930 raro
647 1878 749 1930 omnino
773 1849 899 1930 leonibus.
936 1873 1024 1930 Cauiis
1042 1893 1088 1946 pro
1106 1894 1176 1932 mora

15 1975 84 2018 urens
99 1968 122 2020 in
138 1967 289 2036 spongiosis
307 1967 374 2034 pede
393 1965 494 2034 longior
511 1966 677 2034 conspicitur.

381 2141 430 2208 ²2
457 2119 614 2208 ntorum
637 2137 779 2220 spirim

491 2281 579 2334 Hmrr.
599 2279 674 2348 Stirp.

70 2403 182 2466 Plantae
205 2403 403 2468 robustiores
432 2403 545 2486 pluries
568 2401 756 2466 dichotomae
786 2403 817 2465 in
839 2403 989 2485 caespites
1013 2402 1096 2467 laxos
1119 2401 1178 2468 lra-

15 2503 64 2589 ples
82 2517 261 2593 congestae,
291 2507 627 2588 fascicutatololiosae,
660 2509 745 2571 caule
776 2507 901 2570 robusto
930 2515 1035 2571 erecto
1056 2509 1105 2572 vel
1127 2508 1179 2572 de·

14 2611 136 2676 uniente
172 2620 315 2678 tomento
354 2611 531 2696 lerrugineo
568 2611 685 2674 obruto.
741 2609 822 2674 l'olia
858 2610 1003 2675 interiora
1038 2611 1178 2676 breviora

14 2716 269 2799 mlo-lrnoeolata,
305 2736 420 2780 summa
452 2719 481 2780 in
518 2734 635 2780 comam
667 2715 791 2780 densam
814 2715 1012 2800 polyphyllam
1034 2725 1179 2802 congesto

14 2823 117 2902 ¹astantis,
139 2825 222 2888 sicca
247 2824 374 2886 incurva
396 2819 592 2902 suboirrlrata‚
619 2821 718 2884 ebasi
741 2821 975 2905 ovato-oblonga
997 2819 1085 2886 valde
1106 2841 1178 2886 oon·

15 2937 59 2984 nn
78 2935 198 3009 repente
222 2927 522 3008 lineali-lanceolata,
545 2926 634 2990 valde
650 2943 773 3010 rugosa,
796 2925 833 2990 ad
856 2927 971 3008 apicem
991 2925 1084 2989 dorso
1100 2946 1178 2992 mar·

15 3025 109 3112 meque
124 3041 255 3096 serrato.
297 3031 425 3113 Capsula
441 3031 570 3114 oblonga
587 3039 618 3094 et
633 3029 890 3112 subcylindracea‚
908 3031 1039 3110 incursa,
1063 3031 1177 3112 striata,

16 3125 68 3196 fico
85 3135 231 3218 profunde
256 3137 373 3200 sulcata
395 3136 451 3198 sub
475 3154 530 3199 ore
547 3135 720 3198 constricta.
761 3135 900 3197 Annulus
924 3154 940 3198 e
964 3134 1073 3217 duplici
1096 3137 1178 3198 serie

18 3232 147 3303 stolum
171 3243 364 3306 ellormalus.
410 3239 620 3303 Peristomium
644 3239 773 3302 Dieron.
803 3239 951 3321 scoporr'i.
996 3237 1096 3320 Bryol.
1112 3257 1177 3303 eur.

20 3330 165 3414 trost.

23 3459 146 3532 Βίτωνα
160 3471 308 3552 spurium
329 3473 474 3548 erectum,
499 3465 578 3529 loliis
600 3465 702 3530 nitidis
718 3472 805 3528 acute
828 3464 1012 3548 lanceolatis‚
1036 3467 1178 3529 concavis

108 3575 136 3636 in
169 3574 348 3638 summitate
379 3571 613 3636 consertiorlbus
646 3570 764 3655 patulis.
818 3571 918 3633 llsnw.
954 3571 1046 3660 lluso.
1080 3571 1177 3638 irond.

46 3673 375 3848 Wussgtlplpffssok
398 3781 431 3844 Τ.
474 3780 555 3842 Bnm.
586 3779 685 3861 Bryol.
709 3781 790 3842 univ.
839 3780 884 3841 lis
906 3779 1033 3844 Nornms
1067 3779 1178 3863 Syllab.

111 3887 216 3952 llnnrr.
250 3885 363 3952 Skond.
393 3885 436 3948 l’l.
488 3884 574 3947 Bacis.
597 3891 630 3947 et
652 3885 749 3948 Soura.
777 3883 876 3966 Bryol
899 3902 1003 3967 europ.
1057 3885 1179 3950 Wnson

111 3989 206 4074 Bryol
229 3991 307 4056 Brit
352 3989 385 4052 G.
409 3988 524 4053 lltnmn
549 3989 676 4071 Synops.

22 4081 103 4170 leym
120 4100 258 4178 aporiam
282 4091 403 4158 Drousl

79 4215 169 4283 lichit.
192 4221 223 4282 in
248 4218 373 4282 ericetis
402 4215 567 4301 glareosis,
599 4217 697 4279 rarius
719 4217 749 4280 in
771 4215 933 4296 toriaceis‚
962 4215 1011 4278 lrio
1039 4215 1100 4280 illic
1122 4235 1178 4300 per

20 4309 133 4400 Europam
154 4323 286 4387 mediam
308 4329 399 4404 atque
421 4319 703 4402 septentrionalem
727 4321 937 4402 copiosissime
959 4339 1015 4404 per
1036 4321 1178 4386 Werme-

20 4413 116 4486 loliani
136 4429 164 4490 in
184 4429 281 4511 sylvis
303 4425 441 4490 acerosis
463 4426 633 4490 observavi.

84 4530 172 4596 trust
193 4541 306 4598 motor.
351 4529 457 4609 lunio,
478 4530 575 4612 luli03
598 4529 715 4594 tructus
738 4530 837 4594 rarius
859 4530 1050 4612 proveniunt.
