3140 5372
497 369 659 437 llppnacauo.
1112 364 1174 428 527

13 541 128 624 dppasm
148 543 281 625 Philipp.
306 543 338 604 C.
362 543 484 635 libutsa
499 544 626 626 Synops.

75 665 173 730 liubit.
194 666 227 727 in
249 664 331 728 saxu
354 672 385 728 et
406 665 546 747 rupibus,
580 666 740 747 praecipue
763 666 921 746 calcaneis,
944 666 1109 746 umbrosis,
1144 668 1175 729 in

13 767 144 848 'ymnaais
166 787 259 852 propo
281 768 441 850 Bopaa'reo
464 771 503 833 da
528 769 658 850 Biporra
680 777 711 834 et
733 771 771 833 de
790 769 917 834 moon
939 771 990 833 ubi
1013 770 1046 832 ll.
1064 771 1172 835 Sauucn
1301 807 1304 816 ·

13 873 96 934 trinus
125 873 261 937 distinxit
291 879 323 935 et
350 875 415 956 ipse
438 874 562 958 copiose
595 873 771 952 observavi,
805 875 836 936 in
866 873 992 938 Jurasso
1025 873 1174 938 helvetico

13 975 33 1036 l.
53 977 186 1056 biduana),
208 979 240 1040 in
263 977 404 1040 nustriae
427 976 552 1058 Alpibus
568 977 712 1040 calcareis
729 975 808 1041 altid.
826 975 929 1041 3000⁴
952 978 1002 1050 (cl.
1019 978 1173 1059 anasca),

13 1082 104 1160 opiosa
130 1083 161 1143 in
190 1081 296 1145 Silesia
318 1081 383 1155 (Dr.
408 1081 523 1156 linens).
569 1081 690 1146 Minime
721 1099 820 1145 rarum
852 1090 901 1145 est
929 1083 985 1146 sed
1007 1083 1046 1146 ob
1070 1083 1173 1146 simili·
1278 1085 1281 1100 '

13 1185 111 1247 udinem
134 1204 204 1249 curn
228 1185 426 1249 antecedente
449 1188 678 1269 praetervisum.

359 1393 434 1460 Gen.
456 1391 487 1457 4.
535 1394 784 1460 rttcflobltttt.

67 1533 188 1596 Plantae
211 1540 378 1615 prostratae
399 1540 569 1615 reptantes,
602 1534 732 1614 diuisae,
759 1533 886 1599 disticbe
908 1535 1099 1614 ramulosac,
1122 1554 1170 1599 ra-

13 1637 65 1699 nulis
86 1638 271 1700 abbreviatis
295 1637 332 1701 ad
355 1639 496 1718 caespitis
519 1639 673 1701 circuitum
691 1639 856 1720 explanatis
872 1638 903 1701 in
920 1638 1020 1702 madio
1035 1640 1168 1721 caespite

13 1742 96 1803 rectis.
142 1741 227 1804 Folia
250 1741 346 1804 dense
363 1741 498 1805 conserta
514 1743 765 1824 erecto-patentia
780 1743 828 1806 vel
845 1743 1050 1824 subsecanda,
1067 1750 1169 1808 ovato-

13 1847 138 1909 aceolata
154 1846 248 1929 longe
265 1848 443 1927 acuminata,
460 1847 574 1929 pluries
590 1847 739 1929 profunde
756 1847 878 1926 sulcata,
897 1851 1033 1932 margine
1046 1847 1169 1927 reflexa,

13 1949 149 2032 lapicem
181 1969 281 2032 usque
314 1959 443 2036 anguste
465 1957 599 2030 castata,
628 1953 841 2036 integerrima,
871 1952 1093 2036 parichaotialia
1116 1971 1168 2014 an-

13 2057 107 2118 utiora
130 2055 307 2134 imbricata,
331 2057 545 2138 tenui-castata
567 2057 677 2120 areolis
700 2056 966 2121 brevi-linearibus
989 2057 1026 2120 ad
1042 2057 1169 2140 angulos

13 2159 83 2222 iante
107 2159 276 2242 quadratis.
321 2161 504 2244 Paraphpllia
527 2161 790 2239 numerosissima,
819 2161 1022 2244 pluriformia,
1054 2160 1170 2225 caulem

13 2280 69 2325 mse
91 2265 282 2348 obtegentia.
326 2265 431 2327 Floras
457 2264 555 2328 dioici.
602 2264 739 2347 Galyptra
763 2263 852 2330 nuda.
898 2265 1026 2348 Capsula
1041 2266 1071 2328 in
1086 2265 1170 2348 pedi-

13 2366 50 2429 llo
71 2369 270 2434 mediocriter
300 2369 391 2454 longo
415 2387 546 2451 superne
570 2376 692 2432 arcuato
723 2369 802 2432 laevi
832 2369 1041 2451 horizontalis,
1076 2359 1170 2433 ovalr‘s

13 2470 23 2532 l
43 2472 193 2556 oblonga,
229 2471 422 2555 symmetrica
444 2472 494 2533 vel
516 2473 626 2534 leniter
647 2473 791 2554 incurva,
823 2473 1028 2538 solidiusoula.
1073 2473 1170 2556 Oper-

13 2575 65 2638 lum
99 2577 430 2656 convexo-conicum,
464 2577 672 2640 acuminatum.
717 2576 855 2641 Anneius
887 2597 904 2642 a
939 2578 1056 2662 singula
1088 2579 1170 2642 serio

13 2679 139 2744 llularum
164 2681 366 2763 compositus.
410 2681 579 2743 Peristomii
603 2681 712 2743 dentes
736 2699 753 2743 e
777 2681 876 2745 lineali
905 2684 1051 2763 subulati,
1087 2683 1169 2747 intus

14 2787 149 2849 nsissime
175 2793 209 2849 at
233 2793 363 2868 anguste
385 2784 541 2862 lamellosi‚
564 2784 672 2867 pallide
695 2787 835 2866 aurantii,
859 2788 970 2850 interni
991 2789 1169 2852 iutescentis

13 2890 138 2954 tiarbrana
163 2897 298 2973 angusta
320 2891 351 2952 in
374 2906 538 2972 processus
562 2889 701 2952 dentibus
724 2891 928 2975 acquilongos
957 2895 1037 2956 inter
1059 2894 1168 2957 articu-

13 2991 92 3055 ioncs
125 3003 278 3078 pertusos
308 2991 499 3075 punctulatos
529 2993 691 3075 producta,
731 2995 809 3057 ciliis
842 2998 965 3060 omnino
999 2998 1089 3061 nullis
1120 2999 1168 3060 vel

13 3099 90 3161 nima
128 3099 372 3162 rudimentariis.
417 3096 565 3161 liabitatio
602 3099 743 3162 saxatilis.
788 3099 904 3164 Nomen
942 3123 959 3166 a
995 3107 1167 3188 πτυχωδης,

13 3211 111 3284 catum,
137 3204 288 3268 loliorum
311 3204 471 3285 plicaturas
493 3202 641 3266 indicans.

13 3325 104 3386 paam
128 3327 215 3373 omn.
241 3315 320 3372 auct.
364 3307 620 3388 Bracbptlrceiom
642 3305 741 3389 llryol.
768 3325 832 3370 eur.

50 3411 178 3477 decedit
192 3433 220 3476 a
247 3411 481 3492 Broclytlecio,
505 3431 573 3474 cum
597 3428 657 3492 quo
673 3411 742 3472 olim
759 3413 913 3494 conjunxi,
937 3413 1077 3478 loliorum
1096 3417 1166 3497 reti,

13 3517 152 3599 npbylliis
170 3518 364 3596 numerosis,
381 3517 557 3598 peristomio
573 3516 692 3578 interno
703 3516 891 3596 imperfecto,
908 3519 1167 3600 aComptotltceio

13 3617 97 3682 iorum
122 3625 184 3685 reti
209 3621 539 3698 abbreviato-lineari,
564 3618 685 3700 capsula
709 3621 830 3700 saepius
854 3622 1058 3708 symmetrian,
1083 3625 1162 3705 peri-

13 3727 68 3786 mio
90 3728 217 3790 intorno
243 3724 430 3806 imperfecto.
478 3723 599 3807 Singula
622 3723 742 3804 species
764 3725 923 3808 hueusque
946 3736 1016 3792 noto
1039 3737 1097 3793 ast.

383 3929 575 4012 lbobodlun
595 3930 748 4012 plicatum.
784 4007 786 4018 A

383 4069 465 4139 llypn.
486 4070 606 4138 plicatum
626 4071 749 4126 Scuumcs.

47 4195 206 4280 Gaaspites
230 4193 367 4257 obscure
389 4194 515 4277 virides,
539 4195 606 4258 laxe
622 4197 755 4280 implexi,
779 4196 870 4279 longe
886 4197 1006 4280 lateque
1021 4201 1164 4282 tegminis
1276 4183 1278 4190 ’

13 4303 55 4360 tar
74 4319 146 4364 saxa
171 4297 381 4364 obducentes.
426 4299 550 4362 Fructus
574 4300 604 4361 in
627 4300 712 4363 caule
736 4301 878 4382 primario
901 4309 1048 4385 reptante.
1087 4303 1163 4384 Cap·

13 4405 45 4464 iae
73 4404 246 4486 pcdicellus
280 4403 382 4464 siccus
411 4404 600 4466 extremitate
624 4407 782 4486 superiore
811 4407 1021 4471 sinistrorsum
1045 4407 1163 4470 inieras

13 4515 146 4574 deorsum
172 4519 290 4574 tortus.
337 4505 434 4587 Bryol.
458 4525 522 4572 eur.
545 4507 593 4588 Vl,
618 4508 686 4572 Tab.
703 4509 775 4574 555.
