3104 5364
359 295 418 358 ΙΙΙ
872 296 1026 353 Pottlaeene.

359 475 490 552 basilam,
514 478 564 536 aut
586 474 709 535 omnino
731 472 884 552 simplices
907 479 958 534 aut
975 470 1148 551 geminatim
1171 468 1337 550 conjuncti,
1362 467 1547 548 ruiopurpr

358 581 414 640 rei.
459 577 507 640 Br.
532 595 596 639 eur.
620 576 654 657 ll,
678 576 749 638 Tau.
776 575 847 638 tul.

358 702 523 782 Didymod.
546 700 759 761 doirromollum
788 696 917 776 hunnile,
950 697 1029 760 loliis
1061 714 1079 755 e
1110 697 1266 759 latiuscula
1296 696 1477 757 lanceolata
1530 728 1533 731 -

489 802 692 885 capillarum,
722 800 759 862 ad
783 818 875 862 unum
905 801 981 863 latus
1014 802 1113 861 versis
1145 820 1204 861 non
1227 799 1408 875 tortilibus,
1444 817 1549 879 sperae

489 911 538 990 gio
562 917 665 969 erecto
689 908 820 988 oblongo
837 891 1063 986 ‘subintrequali
1086 906 1229 987 operculo
1253 923 1293 966 ex
1316 903 1441 966 annulo
1467 906 1550 963 vermi

490 1013 549 1075 deo
572 1014 704 1093 obliquo.
749 1012 848 1073 llaow.
874 1012 961 1092 Spec.
985 1010 1021 1073 ll.
1046 1029 1072 1090 p.
1102 1010 1171 1086 tui,
1194 1009 1227 1074 T.
1251 1007 1302 1072 23.

285 1183 295 1200 .
405 1121 534 1182 Semel.
559 1118 659 1199 Suppl.
704 1116 782 1178 Baro.
806 1115 906 1197 Bryol.
929 1115 1008 1177 univ.

361 1225 482 1304 Dtdym.
506 1222 733 1284 leteromollum
779 1220 871 1282 lloou.
897 1228 927 1281 el
950 1219 1034 1281 Tali.
1059 1219 1154 1283 lliusc.
1178 1217 1250 1280 Brit.

368 1330 479 1391 lteram
500 1328 698 1388 deteromollo
720 1326 820 1388 Heuw.
845 1325 933 1406 Stup.
958 1324 1028 1386 Tali.
1053 1321 1082 1386 8.
1129 1322 1209 1385 Bato.
1234 1320 1282 1384 ΒΓ.
1306 1340 1364 1383 un.
1393 1321 1418 1399 l,
1447 1342 1476 1402 p.
1502 1321 1540 1381 dli

364 1435 514 1495 (irimmt'o
535 1433 734 1493 deteromutla
758 1434 852 1492 Saum.
877 1428 962 1512 Engl.
986 1428 1050 1490 Bol.
1098 1429 1222 1490 Tunnica.
1247 1428 1330 1489 Wsa.
1361 1437 1396 1488 et
1424 1427 1522 1489 noan.

252 1553 256 1560 ·
365 1539 514 1599 l'riclrort.
536 1537 765 1598 heteromollum
787 1533 836 1596 Bu.
861 1542 890 1594 ct
915 1535 978 1596 Sca.
1004 1532 1105 1613 dipel
1125 1551 1190 1598 eur.
1214 1533 1232 1594 Ι.
1256 1551 1282 1593 r.
1317 1533 1458 1595 Wrcson
1479 1532 1550 1609 Brm

492 1640 564 1705 Brit.
610 1640 718 1704 Hanrn.
743 1639 792 1703 Sk.
816 1639 856 1700 Fl.
881 1638 927 1701 ed.
954 1637 983 1700 ti.

362 1747 385 1806 Ι
388 1764 429 1809 nr.
445 1750 479 1820 β.
494 1748 643 1821 strictum,
667 1743 762 1806 dense
787 1744 968 1824 caespitem,
986 1741 1108 1821 humile,
1127 1742 1207 1803 loliis
1224 1742 1338 1804 strictis
1360 1742 1550 1803 breviorum

493 1847 613 1930 capsula
638 1847 734 1910 minor
755 1846 879 1909 brevior
901 1846 931 1908 in
958 1845 1106 1927 pedicello
1132 1846 1283 1908 breviore.

451 1971 552 2034 liubit.
583 1971 717 2031 interra
746 1969 907 2050 praecipue
930 1985 1058 2030 arenosa
1084 1975 1114 2029 et
1146 1967 1372 2048 subargillacea
1408 1970 1450 2030 ad
1486 1969 1550 2028 lato

364 2079 477 2139 viarum
501 2091 651 2152 cavarum,
677 2074 708 2133 in
731 2072 858 2134 molibus
876 2071 1013 2153 dejectis,
1037 2072 1073 2135 ad
1097 2080 1256 2155 praerupta
1280 2071 1462 2151 denudata,
1487 2072 1550 2133 som'

365 2178 578 2262 praecedente,
602 2175 783 2238 llicronello
806 2177 879 2256 ruso
902 2183 932 2238 et
954 2177 1164 2256 deteronmlla,
1189 2178 1355 2259 Poponato
1385 2180 1500 2241 alcide
1521 2186 1547 2234 et

364 2303 419 2366 per
441 2291 532 2345 totam
554 2282 715 2363 Europam,
739 2280 919 2343 calidissima
944 2288 974 2343 et
998 2281 1192 2367 lrigidissima
1216 2288 1369 2361 excepta,
1398 2302 1469 2346 aar.
1494 2287 1512 2355 d
1545 2282 1549 2337 i

365 2388 529 2469 subalpinis
555 2386 603 2448 ubi
627 2385 663 2447 ad
686 2385 779 2448 latera
804 2385 978 2447 semitarum
1002 2387 1080 2448 laete
1105 2386 1196 2469 viget.

435 2481 562 2576 liedwigii
587 2508 685 2559 ll'eiriu
702 2508 876 2558 deterontodlo
895 2524 945 2559 non
968 2507 1036 2560 aliud
1061 2519 1101 2562 cut
1123 2526 1198 2577 quam
1224 2510 1305 2561 forma
1329 2510 1459 2576 plantae.
1480 2521 1550 2560 nostr.

365 2598 439 2663 cuju·
463 2597 552 2648 dentes
575 2594 679 2662 gemelli
709 2604 761 2646 tota
790 2595 948 2663 longitudine
975 2596 1105 2661 conjuncti
1131 2599 1308 2666 reperiuntur,
1338 2600 1421 2666 quod
1448 2609 1549 2649 caetea

364 2701 443 2753 saepo
462 2685 537 2736 ctiam
557 2685 582 2734 in
601 2685 680 2735 iorum
700 2682 806 2735 nonnuli
824 2684 989 2751 conspicitur,
1008 2684 1084 2751 cujus
1102 2686 1193 2740 dentes
1209 2683 1316 2750 gemelli
1335 2700 1404 2736 nro
1424 2697 1482 2737 tota
1503 2686 1550 2752 laq

364 2773 451 2824 tudine
471 2770 545 2824 liberi
563 2787 621 2822 eme
639 2769 732 2842 nolent,
752 2772 786 2821 ita
805 2780 839 2835 ut,
858 2781 908 2822 tarn
926 2773 952 2821 in
970 2772 1059 2838 rpecie
1078 2782 1225 2840 praesente,
1243 2788 1320 2840 quam
1338 2773 1371 2824 in
1393 2779 1514 2826 caeteris
1533 2771 1548 2820 l

366 2860 437 2923 juace
460 2860 564 2927 generis
585 2859 758 2925 peristomium
783 2857 873 2908 eodem
893 2857 953 2922 jure
980 2858 1154 2912 iii-dentatum
1178 2860 1297 2912 dentibus
1324 2859 1419 2912 bitror.-
1450 2865 1550 2913 dectm

368 2948 457 3013 possit,
475 2963 526 3015 quo
545 2945 719 2997 3²·dentntum
738 2943 856 2997 ‹tenulm
875 2947 1009 3012 geminatis
1028 2947 1129 2998 dicitur.
1386 2935 1389 2943 ¹

722 3122 749 3185 l.
794 3121 1012 3201 tepmtnmm
1034 3120 1201 3189 terltule.

697 3259 983 3327 cynocaumatum.
1003 3261 1115 3314 senum.
1136 3262 1225 3330 scppt.

451 3382 576 3459 Elatum,
592 3383 718 3465 graeile,
734 3381 829 3446 dense
845 3385 1063 3465 caespitosum;
1088 3388 1240 3467 caespites
1257 3385 1369 3447 molles
1389 3387 1548 3449 lutesaert

366 3489 413 3550 vel
437 3486 659 3550 lusco-uirides.
706 3487 805 3550 Cauiis
829 3490 945 3564 tenuis,
970 3491 1206 3567 carnosissimae,
1241 3487 1328 3551 valde
1362 3490 1550 3553 rudiculum

365 3592 444 3654 Folia
468 3590 601 3652 secunda
621 3591 668 3652 vel
690 3591 824 3673 undique
857 3594 1005 3673 patentia,
1040 3614 1057 3654 a
1087 3595 1254 3656 lanceolato
1288 3595 1463 3662 subulata.
1498 3618 1514 3657 c
1546 3622 1550 3632 Δ

366 3696 522 3777 deplanato
546 3699 574 3760 in
599 3686 734 3760 subulam
758 3698 927 3762 excedente
943 3701 1028 3780 apice
1051 3697 1213 3762 dentatam.
1254 3698 1390 3780 capsula
1417 3720 1509 3782 pro·

367 3809 463 3862 tnrum
479 3800 685 3882 magnitudine
702 3820 802 3882 parva,
826 3809 938 3879 erecta,
963 3809 1064 3864 ovato·
1090 3800 1136 3862 vel
1161 3800 1470 3888 ellipticooltlouga.
1498 3808 1551 3869 nrt*

368 3903 459 3967 lusca.
507 3903 687 3985 operculum
711 3914 881 3988 angustum,
905 3906 1101 3969 brevirostre.
1140 3905 1282 3967 Annulus
1305 3905 1456 3989 simplex
1502 3913 1520 3971 P

367 4009 465 4069 stomii
488 4009 596 4070 dentes
619 4008 739 4090 gemelli
764 4011 950 4092 inaequales.
975 4028 1045 4072 raro
1068 4011 1192 4072 omnino
1217 4010 1316 4090 liberi,
1349 4019 1487 4081 tenues,
1521 4016 1532 4073 l

368 4111 454 4193 giles.
502 4111 600 4191 Bryol.
624 4129 688 4174 eur.
714 4113 746 4186 lt,
770 4114 841 4178 lab.
869 4113 938 4178 180.

369 4231 593 4311 l'yrtodontimu
608 4231 779 4310 desimam,
803 4235 888 4297 caule
904 4234 1081 4318 longissimo
1099 4234 1252 4315 lastigioto
1268 4239 1482 4321 subsimpliri,
1501 4243 1550 4301 ΙοΙ

497 4334 836 4413 lanceolam-subulcus,
852 4337 1063 4409 subsecundia,
1088 4348 1288 4415 concreata,
1311 4346 1469 4425 operculo
1495 4347 1544 4405 lin·

497 4446 595 4529 acuto.
642 4441 805 4503 Srawmou.
831 4442 929 4522 Suppl.
954 4442 974 4518 l,
1000 4444 1027 4504 P.
1053 4443 1073 4517 Ι,
1099 4462 1125 4524 p.
1155 4443 1225 4507 tt3.
1250 4444 1284 4508 Τ.
1309 4444 1364 4511 29.
