3372 5372
568 446 783 502 Fieridonteoenc.
881 459 885 476 ⁸
1223 433 1284 501 105
1341 441 1349 468 '⁸
1426 481 1431 490 ·

104 625 159 687 llar.
180 625 206 686 t.
225 624 380 703 fontanas.
425 621 526 687 Gauiis
549 623 728 716 elongatus,
750 635 899 688 ramosus.
943 617 1023 682 Folia
1053 617 1140 680 latius
1174 613 1283 698 margi·

218 736 295 810 nata,
318 729 424 792 obtuse
447 735 572 792 serrata.
619 725 765 809 Capsulae
788 723 954 808 pedicellus
976 722 1088 785 breuis.

179 848 276 912 liabit.
301 849 435 912 interra
450 849 591 912 umbrosa
608 847 784 930 praeprimis
809 843 1118 927 arcnaceo-argillosa
1141 849 1174 904 ct
1188 841 1278 924 argil-

100 955 162 1030 losa,
185 955 279 1016 rarius
302 973 390 1036 quam
414 955 447 1016 F.
472 953 634 1034 bryoides,
672 952 720 1014 hic
742 949 801 1012 illic
824 951 853 1012 ei
876 949 1060 1026 associatus3
1083 965 1138 1010 var
1159 949 1189 1023 β.
1213 964 1280 1008 cum

101 1057 181 1119 torma
215 1059 356 1138 normali3
384 1077 447 1120 uara
474 1081 497 1138 γ.
528 1056 565 1119 ad
603 1075 675 1120 saxa
708 1055 828 1119 humida
858 1054 906 1116 vel
938 1055 1082 1130 irrorata,
1114 1053 1144 1112 in
1174 1049 1283 1133 Anglia

101 1161 219 1230 tll'rrson
236 1169 267 1224 et
281 1164 374 1244 ipse),
391 1163 422 1225 in
439 1157 600 1243 Pyrenaeis
616 1161 764 1239 (Pnnrmn,
784 1161 915 1238 Senum),
932 1159 963 1220 in
978 1155 1127 1238 Hercynia
1138 1155 1281 1233 (Hama);

101 1283 151 1330 mr.
173 1269 198 1330 c.
223 1268 252 1329 in
275 1269 361 1330 saxis
385 1266 563 1346 submersis,
581 1264 616 1328 ad
633 1267 764 1348 parietes
786 1265 922 1327 internos
945 1265 1027 1346 putei
1047 1259 1157 1344 publici
1182 1259 1282 1322 durla-
1304 1259 1315 1268 “

97 1371 184 1432 censis
206 1371 272 1450 (An.
296 1369 417 1440 Burunl.
685 1347 695 1362 ⁸

177 1477 277 1539 Fruct.
301 1483 415 1538 motor.
439 1477 535 1558 primu
558 1493 641 1538 vere.

161 1595 238 1664 Stirpr
260 1599 370 1649 maxime
384 1595 524 1664 variabilis,
542 1611 609 1648 nunc
622 1597 723 1648 minime
742 1593 858 1663 simplex,
877 1609 943 1646 nunc
962 1593 1028 1646 elata
1041 1609 1139 1646 ramosa
1162 1594 1284 1646 habitum·

99 1698 139 1748 qne
151 1680 177 1732 F.
204 1685 379 1737 osmundoirlis
404 1683 549 1748 aemulans,
568 1683 630 1736 tiore
649 1682 763 1736 numenio
780 1682 921 1746 terminali,
940 1697 1005 1748 roro,
1025 1682 1143 1734 loliorum
1168 1683 1282 1748 margine

98 1771 200 1823 tenuime
218 1772 286 1823 baud
306 1772 332 1822 in
352 1774 451 1838 apicem
470 1771 604 1838 producto,
623 1769 728 1837 capsula
742 1786 788 1837 pro
800 1785 870 1822 more
881 1785 987 1834 cernua,
1006 1767 1186 1822 exnnnulatna
1211 1784 1283 1836 prec—

98 1857 232 1910 cedcntibue
256 1859 401 1912 distinctus.

156 1945 185 1996 F.
202 1947 345 2013 erumpes
363 1945 466 2006 (llum.)
485 1959 560 2014 quam
572 1943 634 1996 olim
653 1959 698 2011 pro
710 1945 798 2012 specie
812 1944 915 2010 propria
934 1943 1067 1995 imbuimus
1086 1943 1121 1995 nil
1140 1945 1188 1996 nisi
1211 1959 1280 1994 mera

99 2033 196 2085 varietas
214 2049 236 2086 e⁴
249 2033 310 2086 loco
328 2034 432 2087 humido
451 2041 524 2086 enato
543 2049 602 2084 osse
621 2031 729 2083 ridetur.

493 2208 521 2274 t.
554 2206 705 2276 llssltlens
727 2205 877 2277 rtrnltrts.

514 2346 560 2400 lta.
577 2358 606 2400 ct
624 2348 679 2402 Sco.
697 2346 784 2416 Bryol.
804 2362 857 2400 ear.

175 2460 273 2523 Planta
297 2461 463 2541 robustior,
486 2463 627 2548 rigidula,
650 2479 780 2540 ramosa,
804 2463 990 2541 caespitans3
1023 2460 1174 2540 caespites
1204 2465 1300 2520 atro-⁴

97 2563 205 2629 virides.
252 2565 336 2628 Folia
364 2566 526 2650 multijuga.
574 2568 652 2629 Folia
676 2564 971 2652 elongato-linealis,
1003 2565 1111 2626 lumino
1147 2562 1283 2626 verticuli

98 2668 240 2750 usquead
271 2671 359 2732 basin
382 2670 542 2751 producta,
573 2679 637 2735 toto
664 2671 774 2734 ambitu
806 2671 943 2753 margins
965 2684 1070 2732 crasso
1099 2669 1184 2748 apice
1215 2684 1283 2729 cum

99 2781 170 2834 costr
198 2776 228 2836 in
256 2775 406 2856 apiculum
435 2775 624 2853 conlluentc,
655 2777 713 2838 reti
744 2775 928 2838 densissimo
951 2771 1157 2854 chlorupbyllo
1187 2770 1284 2834 denso

97 2877 201 2942 obmto.
247 2879 355 2942 Flores
385 2879 508 2944 masculi
531 2879 692 2956 antitanes,
716 2880 975 2957 numerosissimi,
999 2875 1197 2954 subsessilcs,
1230 2879 1282 2938 tri-

99 2981 188 3062 phylii,
211 2985 381 3048 tenerrimi.
426 2985 553 3046 Fructus
577 2987 606 3048 in
630 2985 715 3047 caule
737 2985 786 3050 vel
810 2985 839 3046 in
862 3000 945 3046 ramo
968 2980 1083 3044 latercli
1108 2981 1171 3043 basi
1195 2980 1273 3043 radi-

99 3094 175 3148 cante
198 3089 380 3168 terminalis3
404 3089 524 3170 capsuln
547 3107 670 3165 cernua,
695 3090 799 3165 ovalis,
824 3087 933 3170 pallide
953 3087 1060 3166 lusca,
1089 3087 1283 3148 tenui-mem-

97 3189 249 3271 branaaaea,
283 3183 428 3274 operculo
457 3195 737 3270 conice-rostrato,
771 3193 836 3255 basi
869 3191 1005 3270 rubello,
1037 3190 1159 3254 annullo
1189 3191 1282 3269 nullo,

97 3297 262 3375 peristomio
285 3299 320 3360 F.
345 3299 492 3378 tractatis.
538 3297 635 3379 Bryol.
653 3315 717 3362 eur.
741 3296 764 3376 1,
788 3297 819 3362 t.
841 3295 909 3362 102.

98 3416 246 3482 laamas
268 3421 415 3500 bryoldes
436 3439 504 3482 cor.
528 3422 676 3483 rivolorto
698 3419 732 3484 tt.
756 3421 865 3482 Sennea
886 3419 916 3480 in
942 3419 1033 3482 Musc.
1056 3437 1162 3499 pyren.
1186 3415 1258 3481 318.

98 3521 129 3581 F.
151 3525 298 3587 rivolorto
320 3524 405 3589 Bncn.
422 3533 454 3588 et
469 3525 533 3588 Scn.
549 3525 649 3605 Bryol.
667 3545 731 3588 eur.

174 3645 276 3709 liubit.
303 3647 332 3708 in
357 3649 438 3710 saxis
466 3649 602 3710 irroratis
626 3649 713 3710 rivuli
735 3665 829 3729 prope
856 3649 887 3710 ln
910 3648 1052 3726 fontaine
1065 3649 1281 3727 [complacare

99 3754 172 3812 retro
194 3750 353 3833 Bnpnircs
377 3754 414 3814 dc
438 3753 568 3834 Biporrc
591 3753 814 3833 Pyrenaeorum
844 3751 893 3814 ubi
916 3751 951 3813 cl.
978 3752 1009 3814 ll.
1034 3751 1142 3814 Srnuca
1165 3751 1282 3814 detexit

99 3855 209 3935 etipse
233 3855 311 3918 duce
336 3856 532 3919 oculatissimi
555 3857 679 3919 Pnrnrerc
702 3857 771 3938 legi.

177 3961 278 4022 Fruct.
304 3967 414 4023 molor.
461 3961 640 4043 Septembri,
667 3960 800 4025 Octobri.

164 4079 253 4134 llib'ert
271 4099 285 4134 a
305 4084 335 4132 tt.
356 4083 465 4149 lryoa'de
489 4084 676 4148 magnitudine,
701 4083 832 4134 soliditate
850 4080 930 4134 cnulis
954 4091 1031 4149 atque
1055 4079 1187 4146 loliorum,
1213 4080 1282 4132 loliis

100 4163 158 4226 ipris
176 4169 254 4222 mutto
273 4168 442 4236 longioribus,
461 4172 572 4224 crassius
591 4169 701 4222 limbatis
720 4171 875 4239 donatusque
893 4169 1021 4234 areolatis,
1040 4167 1146 4220 lloribus
1164 4167 1284 4220 musculis

100 4251 277 4310 subsessilibua
303 4257 459 4323 minoribus,
482 4257 632 4310 antberidiis
655 4257 794 4324 majoribus
823 4258 936 4310 breviter
963 4257 1151 4324 parapbpsatis.
1175 4254 1282 4322 cqroula

101 4355 191 4394 cernua
210 4355 235 4396 et
256 4345 455 4398 subboriacntali
480 4346 534 4396 sinc
555 4344 607 4398 ullo
631 4343 717 4396 annuli
743 4345 867 4412 vestigio,
891 4353 1005 4412 ternpore
1032 4342 1171 4396 autumnali
1198 4343 1284 4394 fructi·

102 4425 224 4482 terrionis.
