<?xml version="1.0" encoding="UTF-8"?>
<!DOCTYPE html PUBLIC "-//W3C//DTD XHTML 1.0 Transitional//EN"
    "http://www.w3.org/TR/xhtml1/DTD/xhtml1-transitional.dtd">
<html xmlns="http://www.w3.org/1999/xhtml" xml:lang="en" lang="en">
 <head>
  <title>
</title>
<meta http-equiv="Content-Type" content="text/html;charset=utf-8" />
  <meta name='ocr-system' content='tesseract 3.04.00' />
  <meta name='ocr-capabilities' content='ocr_page ocr_carea ocr_par ocr_line ocrx_word'/>
</head>
<body>
  <div class='ocr_page' id='page_1' title='image "./synopsismuscoru01schigoog_0018.png"; bbox 0 0 3238 5352; ppageno 0'>
   <div class='ocr_carea' id='block_1_1' title="bbox 571 387 1258 448">
    <p class='ocr_par' dir='ltr' id='par_1_1' title="bbox 571 387 1258 448">
     <span class='ocr_line' id='line_1_1' title="bbox 571 387 1258 448; baseline 0.007 -5"><span class='ocrx_word' id='word_1_1' title='bbox 571 387 741 445; x_wconf 65' lang='lat' dir='ltr'><strong>dmodnoiio.</strong></span> <span class='ocrx_word' id='word_1_2' title='bbox 1223 391 1258 448; x_wconf 75' lang='lat' dir='ltr'><strong>&#39;V</strong></span> 
     </span>
    </p>
   </div>
   <div class='ocr_carea' id='block_1_2' title="bbox 84 563 1256 1796">
    <p class='ocr_par' dir='ltr' id='par_1_2' title="bbox 84 563 1256 1061">
     <span class='ocr_line' id='line_1_2' title="bbox 155 563 1255 649; baseline 0.005 -21"><span class='ocrx_word' id='word_1_3' title='bbox 155 563 443 646; x_wconf 75' lang='lat' dir='ltr'><strong>lalolytricbuoeis</strong></span> <span class='ocrx_word' id='word_1_4' title='bbox 476 565 644 645; x_wconf 76' lang='lat' dir='ltr'>nonnullis,</span> <span class='ocrx_word' id='word_1_5' title='bbox 678 567 855 649; x_wconf 86' lang='lat' dir='ltr'><strong>praeprimis</strong></span> <span class='ocrx_word' id='word_1_6' title='bbox 889 568 920 630; x_wconf 92' lang='lat' dir='ltr'><strong>in</strong></span> <span class='ocrx_word' id='word_1_7' title='bbox 951 565 1078 632; x_wconf 77' lang='lat' dir='ltr'><strong>Atriclvo</strong></span> <span class='ocrx_word' id='word_1_8' title='bbox 1106 569 1255 633; x_wconf 64' lang='lat' dir='ltr'><strong>cadomo</strong></span> 
     </span>
     <span class='ocr_line' id='line_1_3' title="bbox 84 669 1256 754; baseline 0.006 -24"><span class='ocrx_word' id='word_1_9' title='bbox 84 677 170 730; x_wconf 89' lang='lat' dir='ltr'><strong>mstro</strong></span> <span class='ocrx_word' id='word_1_10' title='bbox 184 669 300 732; x_wconf 88' lang='lat' dir='ltr'><strong>radices</strong></span> <span class='ocrx_word' id='word_1_11' title='bbox 316 669 490 750; x_wconf 85' lang='lat' dir='ltr'><strong>complures</strong></span> <span class='ocrx_word' id='word_1_12' title='bbox 513 671 591 732; x_wconf 86' lang='lat' dir='ltr'><strong>lunis</strong></span> <span class='ocrx_word' id='word_1_13' title='bbox 607 669 644 733; x_wconf 90' lang='lat' dir='ltr'><strong>ad</strong></span> <span class='ocrx_word' id='word_1_14' title='bbox 660 671 754 734; x_wconf 91' lang='lat' dir='ltr'><strong>instar</strong></span> <span class='ocrx_word' id='word_1_15' title='bbox 769 689 843 734; x_wconf 89' lang='lat' dir='ltr'><strong>sese</strong></span> <span class='ocrx_word' id='word_1_16' title='bbox 857 671 1048 751; x_wconf 88' lang='lat' dir='ltr'><strong>convolvunt,</strong></span> <span class='ocrx_word' id='word_1_17' title='bbox 1063 671 1256 754; x_wconf 82' lang='lat' dir='ltr'><strong>radicemque</strong></span> 
     </span>
     <span class='ocr_line' id='line_1_4' title="bbox 86 773 1255 857; baseline 0.008 -24"><span class='ocrx_word' id='word_1_18' title='bbox 86 773 251 835; x_wconf 79' lang='lat' dir='ltr'><strong>luniormern</strong></span> <span class='ocrx_word' id='word_1_19' title='bbox 282 774 461 855; x_wconf 90' lang='lat' dir='ltr'><strong>cpluribus</strong></span> <span class='ocrx_word' id='word_1_20' title='bbox 495 774 667 836; x_wconf 74' lang='lat' dir='ltr'><strong>cellularum</strong></span> <span class='ocrx_word' id='word_1_21' title='bbox 700 777 803 837; x_wconf 89' lang='lat' dir='ltr'><strong>stratis</strong></span> <span class='ocrx_word' id='word_1_22' title='bbox 835 776 1030 857; x_wconf 89' lang='lat' dir='ltr'><strong>compositam</strong></span> <span class='ocrx_word' id='word_1_23' title='bbox 1063 776 1255 848; x_wconf 81' lang='lat' dir='ltr'><strong>mentiantur.</strong></span> 
     </span>
     <span class='ocr_line' id='line_1_5' title="bbox 89 875 1253 961; baseline 0.007 -25"><span class='ocrx_word' id='word_1_24' title='bbox 89 875 150 937; x_wconf 80' lang='lat' dir='ltr'><strong>bare</strong></span> <span class='ocrx_word' id='word_1_25' title='bbox 173 895 209 938; x_wconf 89' lang='lat' dir='ltr'><strong>ne</strong></span> <span class='ocrx_word' id='word_1_26' title='bbox 236 875 356 938; x_wconf 80' lang='lat' dir='ltr'><strong>radices</strong></span> <span class='ocrx_word' id='word_1_27' title='bbox 389 876 445 939; x_wconf 91' lang='lat' dir='ltr'><strong>boc</strong></span> <span class='ocrx_word' id='word_1_28' title='bbox 476 877 563 939; x_wconf 88' lang='lat' dir='ltr'><strong>nrcdo</strong></span> <span class='ocrx_word' id='word_1_29' title='bbox 593 880 770 958; x_wconf 78' lang='lat' dir='ltr'><strong>coniunctas</strong></span> <span class='ocrx_word' id='word_1_30' title='bbox 802 896 870 940; x_wconf 88' lang='lat' dir='ltr'><strong>curn</strong></span> <span class='ocrx_word' id='word_1_31' title='bbox 901 877 1053 942; x_wconf 86' lang='lat' dir='ltr'><strong>radicibus</strong></span> <span class='ocrx_word' id='word_1_32' title='bbox 1088 881 1253 961; x_wconf 83' lang='lat' dir='ltr'><strong>plantarum</strong></span> 
     </span>
     <span class='ocr_line' id='line_1_6' title="bbox 92 977 1018 1061; baseline 0.004 -19"><span class='ocrx_word' id='word_1_33' title='bbox 92 979 179 1042; x_wconf 78' lang='lat' dir='ltr'><strong>nitra</strong></span> <span class='ocrx_word' id='word_1_34' title='bbox 199 977 389 1061; x_wconf 77' lang='lat' dir='ltr'><strong>perfectioris</strong></span> <span class='ocrx_word' id='word_1_35' title='bbox 412 989 587 1043; x_wconf 88' lang='lat' dir='ltr'><strong>commutes.</strong></span> <span class='ocrx_word' id='word_1_36' title='bbox 633 981 712 1055; x_wconf 81' lang='lat' dir='ltr'><strong>(Vid.</strong></span> <span class='ocrx_word' id='word_1_37' title='bbox 737 983 843 1046; x_wconf 88' lang='lat' dir='ltr'><strong>leones</strong></span> <span class='ocrx_word' id='word_1_38' title='bbox 866 983 937 1046; x_wconf 78' lang='lat' dir='ltr'><strong>lob,</strong></span> <span class='ocrx_word' id='word_1_39' title='bbox 954 983 1018 1056; x_wconf 82' lang='lat' dir='ltr'><strong>lv.)</strong></span> 
     </span>
    </p>

    <p class='ocr_par' dir='ltr' id='par_1_3' title="bbox 85 1084 1254 1479">
     <span class='ocr_line' id='line_1_7' title="bbox 154 1084 1254 1170; baseline 0.005 -24"><span class='ocrx_word' id='word_1_40' title='bbox 154 1084 182 1146; x_wconf 95' lang='lat' dir='ltr'><strong>ld</strong></span> <span class='ocrx_word' id='word_1_41' title='bbox 202 1084 279 1164; x_wconf 83' lang='lat' dir='ltr'><strong>quod</strong></span> <span class='ocrx_word' id='word_1_42' title='bbox 302 1099 445 1146; x_wconf 75' lang='lat' dir='ltr'><strong>auczores</strong></span> <span class='ocrx_word' id='word_1_43' title='bbox 469 1085 613 1166; x_wconf 87' lang='lat' dir='ltr'>nonnulli,</span> <span class='ocrx_word' id='word_1_44' title='bbox 636 1088 813 1168; x_wconf 79' lang='lat' dir='ltr'><strong>praeprimis</strong></span> <span class='ocrx_word' id='word_1_45' title='bbox 830 1093 963 1167; x_wconf 85' lang='lat' dir='ltr'><strong>veteres,</strong></span> <span class='ocrx_word' id='word_1_46' title='bbox 986 1091 1125 1152; x_wconf 81' lang='lat' dir='ltr'><strong>radicem</strong></span> <span class='ocrx_word' id='word_1_47' title='bbox 1140 1109 1254 1170; x_wconf 80' lang='lat' dir='ltr'><strong>repon-</strong></span> 
     </span>
     <span class='ocr_line' id='line_1_8' title="bbox 87 1188 1254 1274; baseline 0.005 -24"><span class='ocrx_word' id='word_1_48' title='bbox 87 1199 132 1250; x_wconf 79' lang='lat' dir='ltr'><strong>tes</strong></span> <span class='ocrx_word' id='word_1_49' title='bbox 150 1196 264 1267; x_wconf 82' lang='lat' dir='ltr'><strong>vocant,</strong></span> <span class='ocrx_word' id='word_1_50' title='bbox 300 1188 371 1249; x_wconf 88' lang='lat' dir='ltr'><strong>nibil</strong></span> <span class='ocrx_word' id='word_1_51' title='bbox 398 1189 476 1251; x_wconf 89' lang='lat' dir='ltr'><strong>aliud</strong></span> <span class='ocrx_word' id='word_1_52' title='bbox 506 1197 553 1252; x_wconf 87' lang='lat' dir='ltr'><strong>est</strong></span> <span class='ocrx_word' id='word_1_53' title='bbox 583 1207 671 1271; x_wconf 83' lang='lat' dir='ltr'><strong>quam</strong></span> <span class='ocrx_word' id='word_1_54' title='bbox 705 1192 798 1272; x_wconf 88' lang='lat' dir='ltr'><strong>ipsius</strong></span> <span class='ocrx_word' id='word_1_55' title='bbox 828 1191 923 1252; x_wconf 83' lang='lat' dir='ltr'><strong>caulis</strong></span> <span class='ocrx_word' id='word_1_56' title='bbox 945 1209 1015 1272; x_wconf 90' lang='lat' dir='ltr'><strong>pars</strong></span> <span class='ocrx_word' id='word_1_57' title='bbox 1038 1192 1164 1256; x_wconf 88' lang='lat' dir='ltr'><strong>inlerior</strong></span> <span class='ocrx_word' id='word_1_58' title='bbox 1185 1209 1254 1274; x_wconf 89' lang='lat' dir='ltr'><strong>pro·</strong></span> 
     </span>
     <span class='ocr_line' id='line_1_9' title="bbox 86 1293 1253 1377; baseline 0.005 -23"><span class='ocrx_word' id='word_1_59' title='bbox 86 1301 162 1355; x_wconf 83' lang='lat' dir='ltr'><strong>amu</strong></span> <span class='ocrx_word' id='word_1_60' title='bbox 183 1293 327 1354; x_wconf 85' lang='lat' dir='ltr'><strong>vulturis</strong></span> <span class='ocrx_word' id='word_1_61' title='bbox 350 1293 568 1356; x_wconf 86' lang='lat' dir='ltr'><strong>subterraneus</strong></span> <span class='ocrx_word' id='word_1_62' title='bbox 590 1295 722 1356; x_wconf 88' lang='lat' dir='ltr'><strong>rbiaoma</strong></span> <span class='ocrx_word' id='word_1_63' title='bbox 746 1293 876 1377; x_wconf 78' lang='lat' dir='ltr'><strong>lingens,</strong></span> <span class='ocrx_word' id='word_1_64' title='bbox 900 1295 984 1376; x_wconf 89' lang='lat' dir='ltr'><strong>apice</strong></span> <span class='ocrx_word' id='word_1_65' title='bbox 1008 1297 1128 1360; x_wconf 83' lang='lat' dir='ltr'><strong>taudem</strong></span> <span class='ocrx_word' id='word_1_66' title='bbox 1150 1313 1253 1360; x_wconf 90' lang='lat' dir='ltr'><strong>assur-</strong></span> 
     </span>
     <span class='ocr_line' id='line_1_10' title="bbox 85 1397 640 1479; baseline 0.007 -22"><span class='ocrx_word' id='word_1_67' title='bbox 85 1415 148 1478; x_wconf 76' lang='lat' dir='ltr'><strong>gens</strong></span> <span class='ocrx_word' id='word_1_68' title='bbox 165 1397 337 1479; x_wconf 78' lang='lat' dir='ltr'><strong>caulemque</strong></span> <span class='ocrx_word' id='word_1_69' title='bbox 360 1404 496 1460; x_wconf 88' lang='lat' dir='ltr'><strong>erectum</strong></span> <span class='ocrx_word' id='word_1_70' title='bbox 518 1398 640 1462; x_wconf 70' lang='lat' dir='ltr'><strong>erstem.</strong></span> 
     </span>
    </p>

    <p class='ocr_par' dir='ltr' id='par_1_4' title="bbox 88 1501 1254 1796">
     <span class='ocr_line' id='line_1_11' title="bbox 155 1501 1253 1588; baseline 0.004 -24"><span class='ocrx_word' id='word_1_71' title='bbox 155 1501 235 1564; x_wconf 88' lang='lat' dir='ltr'><strong>Color</strong></span> <span class='ocrx_word' id='word_1_72' title='bbox 256 1502 391 1566; x_wconf 91' lang='lat' dir='ltr'><strong>radicum</strong></span> <span class='ocrx_word' id='word_1_73' title='bbox 414 1501 589 1584; x_wconf 90' lang='lat' dir='ltr'><strong>plerumque</strong></span> <span class='ocrx_word' id='word_1_74' title='bbox 619 1502 823 1584; x_wconf 82' lang='lat' dir='ltr'><strong>ferrugineus,</strong></span> <span class='ocrx_word' id='word_1_75' title='bbox 853 1503 901 1565; x_wconf 90' lang='lat' dir='ltr'><strong>blo</strong></span> <span class='ocrx_word' id='word_1_76' title='bbox 923 1504 983 1567; x_wconf 87' lang='lat' dir='ltr'><strong>illio</strong></span> <span class='ocrx_word' id='word_1_77' title='bbox 1008 1521 1176 1588; x_wconf 84' lang='lat' dir='ltr'><strong>purpttreus</strong></span> <span class='ocrx_word' id='word_1_78' title='bbox 1200 1523 1253 1568; x_wconf 87' lang='lat' dir='ltr'><strong>oo·</strong></span> 
     </span>
     <span class='ocr_line' id='line_1_12' title="bbox 88 1604 1254 1690; baseline 0.005 -24"><span class='ocrx_word' id='word_1_79' title='bbox 88 1607 161 1666; x_wconf 80' lang='lat' dir='ltr'><strong>curnt</strong></span> <span class='ocrx_word' id='word_1_80' title='bbox 178 1607 222 1668; x_wconf 88' lang='lat' dir='ltr'><strong>vel</strong></span> <span class='ocrx_word' id='word_1_81' title='bbox 257 1605 447 1684; x_wconf 80' lang='lat' dir='ltr'><strong>atro-rulus3</strong></span> <span class='ocrx_word' id='word_1_82' title='bbox 489 1604 610 1668; x_wconf 78' lang='lat' dir='ltr'><strong>librillae</strong></span> <span class='ocrx_word' id='word_1_83' title='bbox 641 1605 812 1687; x_wconf 82' lang='lat' dir='ltr'><strong>pallidiores</strong></span> <span class='ocrx_word' id='word_1_84' title='bbox 846 1609 961 1690; x_wconf 90' lang='lat' dir='ltr'><strong>apicem</strong></span> <span class='ocrx_word' id='word_1_85' title='bbox 992 1625 1100 1671; x_wconf 86' lang='lat' dir='ltr'><strong>versus</strong></span> <span class='ocrx_word' id='word_1_86' title='bbox 1133 1610 1254 1672; x_wconf 86' lang='lat' dir='ltr'><strong>omnino</strong></span> 
     </span>
     <span class='ocr_line' id='line_1_13' title="bbox 91 1707 1251 1796; baseline 0.007 -28"><span class='ocrx_word' id='word_1_87' title='bbox 91 1707 218 1772; x_wconf 78' lang='lat' dir='ltr'><strong>decolores</strong></span> <span class='ocrx_word' id='word_1_88' title='bbox 248 1710 451 1772; x_wconf 85' lang='lat' dir='ltr'><strong>inveniuntur.</strong></span> <span class='ocrx_word' id='word_1_89' title='bbox 497 1707 677 1791; x_wconf 82' lang='lat' dir='ltr'><strong>superficies</strong></span> <span class='ocrx_word' id='word_1_90' title='bbox 698 1709 748 1771; x_wconf 85' lang='lat' dir='ltr'><strong>vel</strong></span> <span class='ocrx_word' id='word_1_91' title='bbox 770 1713 892 1772; x_wconf 92' lang='lat' dir='ltr'><strong>omniuo</strong></span> <span class='ocrx_word' id='word_1_92' title='bbox 916 1711 1007 1774; x_wconf 87' lang='lat' dir='ltr'><strong>laevis</strong></span> <span class='ocrx_word' id='word_1_93' title='bbox 1030 1712 1078 1774; x_wconf 89' lang='lat' dir='ltr'><strong>vel</strong></span> <span class='ocrx_word' id='word_1_94' title='bbox 1100 1712 1251 1796; x_wconf 88' lang='lat' dir='ltr'><strong>punctulis</strong></span> 
     </span>
    </p>
   </div>
   <div class='ocr_carea' id='block_1_3' title="bbox 91 1815 786 1962">
    <p class='ocr_par' dir='ltr' id='par_1_5' title="bbox 91 1815 786 1962">
     <span class='ocr_line' id='line_1_14' title="bbox 91 1815 385 1896; baseline 0.003 -19"><span class='ocrx_word' id='word_1_95' title='bbox 91 1829 172 1893; x_wconf 72' lang='lat' dir='ltr'><strong>repen</strong></span> <span class='ocrx_word' id='word_1_96' title='bbox 192 1815 385 1896; x_wconf 79' lang='lat' dir='ltr'><strong>conspicitur.</strong></span> 
     </span>
     <span class='ocr_line' id='line_1_15' title="bbox 527 1899 786 1962; baseline 0 -10"><span class='ocrx_word' id='word_1_97' title='bbox 527 1901 553 1962; x_wconf 74' lang='lat'><strong>§-</strong></span> <span class='ocrx_word' id='word_1_98' title='bbox 566 1899 595 1952; x_wconf 76' lang='lat'><strong>2.</strong></span> <span class='ocrx_word' id='word_1_99' title='bbox 621 1901 670 1952; x_wconf 87' lang='lat' dir='ltr'><strong>De</strong></span> <span class='ocrx_word' id='word_1_100' title='bbox 687 1901 786 1952; x_wconf 70' lang='lat' dir='ltr'><strong>moue.</strong></span> 
     </span>
    </p>
   </div>
   <div class='ocr_carea' id='block_1_4' title="bbox 69 2021 1254 3041">
    <p class='ocr_par' dir='ltr' id='par_1_6' title="bbox 72 2021 1254 2603">
     <span class='ocr_line' id='line_1_16' title="bbox 154 2021 1254 2102; baseline 0.004 -18"><span class='ocrx_word' id='word_1_101' title='bbox 154 2021 249 2085; x_wconf 85' lang='lat' dir='ltr'><strong>Caulis</strong></span> <span class='ocrx_word' id='word_1_102' title='bbox 272 2023 302 2084; x_wconf 92' lang='lat' dir='ltr'><strong>iu</strong></span> <span class='ocrx_word' id='word_1_103' title='bbox 326 2021 467 2084; x_wconf 89' lang='lat' dir='ltr'><strong>omnibus</strong></span> <span class='ocrx_word' id='word_1_104' title='bbox 497 2022 608 2083; x_wconf 89' lang='lat' dir='ltr'><strong>muscis</strong></span> <span class='ocrx_word' id='word_1_105' title='bbox 638 2022 742 2102; x_wconf 89' lang='lat' dir='ltr'><strong>adest,</strong></span> <span class='ocrx_word' id='word_1_106' title='bbox 776 2024 805 2084; x_wconf 90' lang='lat' dir='ltr'><strong>in</strong></span> <span class='ocrx_word' id='word_1_107' title='bbox 838 2023 904 2085; x_wconf 88' lang='lat' dir='ltr'><strong>aliis</strong></span> <span class='ocrx_word' id='word_1_108' title='bbox 927 2023 1122 2086; x_wconf 85' lang='lat' dir='ltr'><strong>brevissimus</strong></span> <span class='ocrx_word' id='word_1_109' title='bbox 1146 2031 1177 2086; x_wconf 90' lang='lat' dir='ltr'><strong>et</strong></span> <span class='ocrx_word' id='word_1_110' title='bbox 1204 2025 1254 2088; x_wconf 80' lang='lat' dir='ltr'><strong>vin</strong></span> 
     </span>
     <span class='ocr_line' id='line_1_17' title="bbox 78 2125 1253 2210; baseline 0.006 -27"><span class='ocrx_word' id='word_1_111' title='bbox 78 2125 275 2205; x_wconf 86' lang='lat' dir='ltr'><strong>semiliuearis,</strong></span> <span class='ocrx_word' id='word_1_112' title='bbox 306 2125 336 2188; x_wconf 92' lang='lat' dir='ltr'><strong>in</strong></span> <span class='ocrx_word' id='word_1_113' title='bbox 362 2127 429 2188; x_wconf 88' lang='lat' dir='ltr'><strong>aliis</strong></span> <span class='ocrx_word' id='word_1_114' title='bbox 453 2126 665 2207; x_wconf 80' lang='lat' dir='ltr'><strong>longissimus,</strong></span> <span class='ocrx_word' id='word_1_115' title='bbox 689 2125 917 2208; x_wconf 87' lang='lat' dir='ltr'><strong>sesquipedalis.</strong></span> <span class='ocrx_word' id='word_1_116' title='bbox 964 2127 1111 2209; x_wconf 80' lang='lat' dir='ltr'><strong>Simplex,</strong></span> <span class='ocrx_word' id='word_1_117' title='bbox 1141 2129 1253 2210; x_wconf 86' lang='lat' dir='ltr'><strong>passim</strong></span> 
     </span>
     <span class='ocr_line' id='line_1_18' title="bbox 76 2227 1253 2312; baseline 0.007 -24"><span class='ocrx_word' id='word_1_118' title='bbox 76 2227 175 2291; x_wconf 89' lang='lat' dir='ltr'><strong>divisus</strong></span> <span class='ocrx_word' id='word_1_119' title='bbox 197 2231 347 2312; x_wconf 89' lang='lat' dir='ltr'><strong>reperitur</strong></span> <span class='ocrx_word' id='word_1_120' title='bbox 370 2231 400 2291; x_wconf 93' lang='lat' dir='ltr'><strong>in</strong></span> <span class='ocrx_word' id='word_1_121' title='bbox 424 2231 604 2312; x_wconf 82' lang='lat' dir='ltr'><strong>Arrcocrpis</strong></span> <span class='ocrx_word' id='word_1_122' title='bbox 627 2231 744 2310; x_wconf 86' lang='lat' dir='ltr'><strong>annuis,</strong></span> <span class='ocrx_word' id='word_1_123' title='bbox 768 2233 952 2312; x_wconf 86' lang='lat' dir='ltr'><strong>compositus</strong></span> <span class='ocrx_word' id='word_1_124' title='bbox 976 2248 1031 2293; x_wconf 88' lang='lat' dir='ltr'><strong>seu</strong></span> <span class='ocrx_word' id='word_1_125' title='bbox 1053 2232 1253 2296; x_wconf 83' lang='lat' dir='ltr'><strong>innovationi-</strong></span> 
     </span>
     <span class='ocr_line' id='line_1_19' title="bbox 75 2332 1253 2418; baseline 0.006 -26"><span class='ocrx_word' id='word_1_126' title='bbox 75 2332 122 2394; x_wconf 92' lang='lat' dir='ltr'><strong>bus</strong></span> <span class='ocrx_word' id='word_1_127' title='bbox 143 2335 233 2396; x_wconf 87' lang='lat' dir='ltr'><strong>semel</strong></span> <span class='ocrx_word' id='word_1_128' title='bbox 256 2337 418 2416; x_wconf 83' lang='lat' dir='ltr'><strong>saepiusve</strong></span> <span class='ocrx_word' id='word_1_129' title='bbox 440 2337 586 2416; x_wconf 90' lang='lat' dir='ltr'><strong>repetitus</strong></span> <span class='ocrx_word' id='word_1_130' title='bbox 608 2337 639 2397; x_wconf 92' lang='lat' dir='ltr'><strong>in</strong></span> <span class='ocrx_word' id='word_1_131' title='bbox 663 2335 845 2418; x_wconf 82' lang='lat' dir='ltr'><strong>Acrooarpis</strong></span> <span class='ocrx_word' id='word_1_132' title='bbox 868 2337 1069 2418; x_wconf 87' lang='lat' dir='ltr'><strong>perennibus,</strong></span> <span class='ocrx_word' id='word_1_133' title='bbox 1100 2353 1253 2399; x_wconf 88' lang='lat' dir='ltr'><strong>ramosum</strong></span> 
     </span>
     <span class='ocr_line' id='line_1_20' title="bbox 72 2439 1251 2524; baseline 0.006 -27"><span class='ocrx_word' id='word_1_134' title='bbox 72 2455 131 2498; x_wconf 86' lang='lat' dir='ltr'><strong>enar</strong></span> <span class='ocrx_word' id='word_1_135' title='bbox 146 2439 228 2499; x_wconf 89' lang='lat' dir='ltr'><strong>vides</strong></span> <span class='ocrx_word' id='word_1_136' title='bbox 253 2439 282 2500; x_wconf 93' lang='lat' dir='ltr'><strong>in</strong></span> <span class='ocrx_word' id='word_1_137' title='bbox 299 2441 412 2501; x_wconf 86' lang='lat' dir='ltr'><strong>muscis</strong></span> <span class='ocrx_word' id='word_1_138' title='bbox 430 2439 675 2521; x_wconf 88' lang='lat' dir='ltr'><strong>pleurocurpicis,</strong></span> <span class='ocrx_word' id='word_1_139' title='bbox 693 2441 743 2522; x_wconf 92' lang='lat' dir='ltr'><strong>qui</strong></span> <span class='ocrx_word' id='word_1_140' title='bbox 764 2457 871 2503; x_wconf 88' lang='lat' dir='ltr'><strong>omnes</strong></span> <span class='ocrx_word' id='word_1_141' title='bbox 888 2442 976 2503; x_wconf 91' lang='lat' dir='ltr'><strong>vitam</strong></span> <span class='ocrx_word' id='word_1_142' title='bbox 999 2439 1118 2522; x_wconf 79' lang='lat' dir='ltr'><strong>longam</strong></span> <span class='ocrx_word' id='word_1_143' title='bbox 1135 2440 1251 2524; x_wconf 82' lang='lat' dir='ltr'><strong>degere</strong></span> 
     </span>
     <span class='ocr_line' id='line_1_21' title="bbox 72 2541 167 2603; baseline 0.011 -2"><span class='ocrx_word' id='word_1_144' title='bbox 72 2541 167 2603; x_wconf 80' lang='lat' dir='ltr'><strong>soleat</strong></span> 
     </span>
    </p>

    <p class='ocr_par' dir='ltr' id='par_1_7' title="bbox 69 2645 1253 3041">
     <span class='ocr_line' id='line_1_22' title="bbox 145 2645 1253 2729; baseline 0.005 -22"><span class='ocrx_word' id='word_1_145' title='bbox 145 2645 326 2708; x_wconf 83' lang='lat' dir='ltr'><strong>liamilicatio</strong></span> <span class='ocrx_word' id='word_1_146' title='bbox 349 2648 395 2709; x_wconf 90' lang='lat' dir='ltr'><strong>sic</strong></span> <span class='ocrx_word' id='word_1_147' title='bbox 410 2647 490 2710; x_wconf 87' lang='lat' dir='ltr'><strong>dicta</strong></span> <span class='ocrx_word' id='word_1_148' title='bbox 506 2647 745 2729; x_wconf 79' lang='lat' dir='ltr'><strong>ncrccarporun</strong></span> <span class='ocrx_word' id='word_1_149' title='bbox 763 2665 801 2709; x_wconf 87' lang='lat' dir='ltr'><strong>ex</strong></span> <span class='ocrx_word' id='word_1_150' title='bbox 816 2647 1060 2711; x_wconf 84' lang='lat' dir='ltr'><strong>innovationibus</strong></span> <span class='ocrx_word' id='word_1_151' title='bbox 1081 2648 1159 2712; x_wconf 89' lang='lat' dir='ltr'><strong>baud</strong></span> <span class='ocrx_word' id='word_1_152' title='bbox 1181 2665 1253 2712; x_wconf 90' lang='lat' dir='ltr'><strong>raro</strong></span> 
     </span>
     <span class='ocr_line' id='line_1_23' title="bbox 70 2751 1252 2834; baseline 0.003 -23"><span class='ocrx_word' id='word_1_153' title='bbox 70 2751 234 2832; x_wconf 84' lang='lat' dir='ltr'><strong>perplures</strong></span> <span class='ocrx_word' id='word_1_154' title='bbox 257 2768 354 2813; x_wconf 85' lang='lat' dir='ltr'><strong>annos</strong></span> <span class='ocrx_word' id='word_1_155' title='bbox 378 2753 527 2814; x_wconf 91' lang='lat' dir='ltr'><strong>continuis</strong></span> <span class='ocrx_word' id='word_1_156' title='bbox 550 2753 688 2834; x_wconf 86' lang='lat' dir='ltr'><strong>cautique</strong></span> <span class='ocrx_word' id='word_1_157' title='bbox 712 2753 853 2832; x_wconf 87' lang='lat' dir='ltr'><strong>primario</strong></span> <span class='ocrx_word' id='word_1_158' title='bbox 876 2759 982 2815; x_wconf 85' lang='lat' dir='ltr'><strong>exacte</strong></span> <span class='ocrx_word' id='word_1_159' title='bbox 1006 2753 1164 2832; x_wconf 83' lang='lat' dir='ltr'><strong>similibus,</strong></span> <span class='ocrx_word' id='word_1_160' title='bbox 1189 2752 1252 2834; x_wconf 91' lang='lat' dir='ltr'><strong>ple·</strong></span> 
     </span>
     <span class='ocr_line' id='line_1_24' title="bbox 69 2854 1252 2936; baseline 0.005 -22"><span class='ocrx_word' id='word_1_161' title='bbox 69 2871 182 2936; x_wconf 86' lang='lat' dir='ltr'><strong>rumque</strong></span> <span class='ocrx_word' id='word_1_162' title='bbox 203 2854 414 2918; x_wconf 82' lang='lat' dir='ltr'><strong>dichotomisnr</strong></span> <span class='ocrx_word' id='word_1_163' title='bbox 446 2855 602 2936; x_wconf 85' lang='lat' dir='ltr'><strong>repetitam</strong></span> <span class='ocrx_word' id='word_1_164' title='bbox 626 2857 860 2936; x_wconf 77' lang='lat' dir='ltr'><strong>mentientibus,</strong></span> <span class='ocrx_word' id='word_1_165' title='bbox 893 2873 952 2918; x_wconf 89' lang='lat' dir='ltr'><strong>uon</strong></span> <span class='ocrx_word' id='word_1_166' title='bbox 984 2873 1056 2920; x_wconf 90' lang='lat' dir='ltr'><strong>vera</strong></span> <span class='ocrx_word' id='word_1_167' title='bbox 1077 2855 1252 2920; x_wconf 83' lang='lat' dir='ltr'><strong>romilioatio</strong></span> 
     </span>
     <span class='ocr_line' id='line_1_25' title="bbox 70 2957 1252 3041; baseline 0.006 -25"><span class='ocrx_word' id='word_1_168' title='bbox 70 2971 118 3036; x_wconf 84' lang='lat' dir='ltr'><strong>esa,</strong></span> <span class='ocrx_word' id='word_1_169' title='bbox 140 2959 193 3020; x_wconf 89' lang='lat' dir='ltr'><strong>sed</strong></span> <span class='ocrx_word' id='word_1_170' title='bbox 217 2957 313 3021; x_wconf 85' lang='lat' dir='ltr'><strong>caulis</strong></span> <span class='ocrx_word' id='word_1_171' title='bbox 337 2959 495 3021; x_wconf 87' lang='lat' dir='ltr'><strong>emerituri</strong></span> <span class='ocrx_word' id='word_1_172' title='bbox 517 2957 691 3040; x_wconf 85' lang='lat' dir='ltr'><strong>prolificatlo</strong></span> <span class='ocrx_word' id='word_1_173' title='bbox 714 2960 762 3021; x_wconf 90' lang='lat' dir='ltr'><strong>vel</strong></span> <span class='ocrx_word' id='word_1_174' title='bbox 784 2960 933 3041; x_wconf 88' lang='lat' dir='ltr'><strong>repetitio.</strong></span> <span class='ocrx_word' id='word_1_175' title='bbox 978 2961 1056 3022; x_wconf 86' lang='lat' dir='ltr'><strong>Vera</strong></span> <span class='ocrx_word' id='word_1_176' title='bbox 1078 2959 1252 3024; x_wconf 91' lang='lat' dir='ltr'><strong>ramilicatio</strong></span> 
     </span>
    </p>
   </div>
   <div class='ocr_carea' id='block_1_5' title="bbox 69 3061 1354 3146">
    <p class='ocr_par' dir='ltr' id='par_1_8' title="bbox 69 3061 1354 3146">
     <span class='ocr_line' id='line_1_26' title="bbox 69 3061 1354 3146; baseline 0.006 -25"><span class='ocrx_word' id='word_1_177' title='bbox 69 3061 266 3144; x_wconf 83' lang='lat' dir='ltr'><strong>Pleurccarpis</strong></span> <span class='ocrx_word' id='word_1_178' title='bbox 297 3064 417 3144; x_wconf 90' lang='lat' dir='ltr'><strong>propria</strong></span> <span class='ocrx_word' id='word_1_179' title='bbox 447 3070 511 3142; x_wconf 88' lang='lat' dir='ltr'><strong>est,</strong></span> <span class='ocrx_word' id='word_1_180' title='bbox 547 3063 659 3126; x_wconf 90' lang='lat' dir='ltr'><strong>muscis</strong></span> <span class='ocrx_word' id='word_1_181' title='bbox 688 3081 795 3145; x_wconf 89' lang='lat' dir='ltr'><strong>nempe</strong></span> <span class='ocrx_word' id='word_1_182' title='bbox 824 3083 950 3146; x_wconf 89' lang='lat' dir='ltr'><strong>quorum</strong></span> <span class='ocrx_word' id='word_1_183' title='bbox 974 3061 1068 3129; x_wconf 88' lang='lat' dir='ltr'><strong>caulis</strong></span> <span class='ocrx_word' id='word_1_184' title='bbox 1091 3065 1250 3146; x_wconf 86' lang='lat' dir='ltr'><strong>primarius</strong></span> <span class='ocrx_word' id='word_1_185' title='bbox 1352 3116 1354 3120; x_wconf 86' lang='lat'><em>.</em></span> 
     </span>
    </p>
   </div>
   <div class='ocr_carea' id='block_1_6' title="bbox 68 3167 1259 4607">
    <p class='ocr_par' dir='ltr' id='par_1_9' title="bbox 68 3167 1251 3772">
     <span class='ocr_line' id='line_1_27' title="bbox 72 3167 1249 3251; baseline 0.004 -25"><span class='ocrx_word' id='word_1_186' title='bbox 72 3167 305 3230; x_wconf 75' lang='lat' dir='ltr'><strong>unificationem</strong></span> <span class='ocrx_word' id='word_1_187' title='bbox 323 3175 391 3229; x_wconf 83' lang='lat' dir='ltr'><strong>ante</strong></span> <span class='ocrx_word' id='word_1_188' title='bbox 415 3167 674 3230; x_wconf 75' lang='lat' dir='ltr'><strong>fructificationem</strong></span> <span class='ocrx_word' id='word_1_189' title='bbox 698 3169 828 3249; x_wconf 86' lang='lat' dir='ltr'><strong>inchoat,</strong></span> <span class='ocrx_word' id='word_1_190' title='bbox 851 3169 1001 3250; x_wconf 85' lang='lat' dir='ltr'><strong>vitamque</strong></span> <span class='ocrx_word' id='word_1_191' title='bbox 1017 3169 1165 3251; x_wconf 85' lang='lat' dir='ltr'><strong>proprium</strong></span> <span class='ocrx_word' id='word_1_192' title='bbox 1182 3169 1249 3232; x_wconf 89' lang='lat' dir='ltr'><strong>sine</strong></span> 
     </span>
     <span class='ocr_line' id='line_1_28' title="bbox 71 3271 1250 3354; baseline 0.004 -25"><span class='ocrx_word' id='word_1_193' title='bbox 71 3271 275 3354; x_wconf 80' lang='lat' dir='ltr'><strong>interruptione</strong></span> <span class='ocrx_word' id='word_1_194' title='bbox 299 3271 463 3334; x_wconf 78' lang='lat' dir='ltr'><strong>cnutinuat.</strong></span> <span class='ocrx_word' id='word_1_195' title='bbox 508 3271 539 3332; x_wconf 91' lang='lat' dir='ltr'><strong>ln</strong></span> <span class='ocrx_word' id='word_1_196' title='bbox 570 3271 616 3333; x_wconf 81' lang='lat' dir='ltr'><strong>bia</strong></span> <span class='ocrx_word' id='word_1_197' title='bbox 641 3271 755 3334; x_wconf 73' lang='lat' dir='ltr'><strong>lrurrtus</strong></span> <span class='ocrx_word' id='word_1_198' title='bbox 778 3271 911 3334; x_wconf 89' lang='lat' dir='ltr'><strong>lateralis</strong></span> <span class='ocrx_word' id='word_1_199' title='bbox 935 3273 1118 3336; x_wconf 88' lang='lat' dir='ltr'><strong>innovationi</strong></span> <span class='ocrx_word' id='word_1_200' title='bbox 1148 3274 1250 3334; x_wconf 89' lang='lat' dir='ltr'><strong>termi-</strong></span> 
     </span>
     <span class='ocr_line' id='line_1_29' title="bbox 74 3373 1249 3456; baseline 0.005 -22"><span class='ocrx_word' id='word_1_201' title='bbox 74 3373 117 3434; x_wconf 81' lang='lat' dir='ltr'><strong>uli</strong></span> <span class='ocrx_word' id='word_1_202' title='bbox 134 3377 299 3438; x_wconf 87' lang='lat' dir='ltr'><strong>continuae</strong></span> <span class='ocrx_word' id='word_1_203' title='bbox 323 3375 405 3437; x_wconf 89' lang='lat' dir='ltr'><strong>nollo</strong></span> <span class='ocrx_word' id='word_1_204' title='bbox 428 3375 640 3456; x_wconf 86' lang='lat' dir='ltr'><strong>impedimento</strong></span> <span class='ocrx_word' id='word_1_205' title='bbox 664 3383 728 3455; x_wconf 88' lang='lat' dir='ltr'><strong>est,</strong></span> <span class='ocrx_word' id='word_1_206' title='bbox 760 3377 789 3438; x_wconf 91' lang='lat' dir='ltr'><strong>in</strong></span> <span class='ocrx_word' id='word_1_207' title='bbox 813 3375 870 3439; x_wconf 90' lang='lat' dir='ltr'><strong>illis</strong></span> <span class='ocrx_word' id='word_1_208' title='bbox 893 3384 997 3440; x_wconf 91' lang='lat' dir='ltr'><strong>contra</strong></span> <span class='ocrx_word' id='word_1_209' title='bbox 1019 3375 1114 3440; x_wconf 88' lang='lat' dir='ltr'><strong>caulis</strong></span> <span class='ocrx_word' id='word_1_210' title='bbox 1138 3393 1249 3440; x_wconf 88' lang='lat' dir='ltr'><strong>annuu-</strong></span> 
     </span>
     <span class='ocr_line' id='line_1_30' title="bbox 75 3475 1251 3565; baseline 0.007 -31"><span class='ocrx_word' id='word_1_211' title='bbox 75 3475 112 3538; x_wconf 91' lang='lat' dir='ltr'><strong>tin</strong></span> <span class='ocrx_word' id='word_1_212' title='bbox 130 3479 360 3542; x_wconf 79' lang='lat' dir='ltr'><strong>fructificatione</strong></span> <span class='ocrx_word' id='word_1_213' title='bbox 383 3478 512 3558; x_wconf 80' lang='lat' dir='ltr'><strong>liniens,</strong></span> <span class='ocrx_word' id='word_1_214' title='bbox 534 3481 685 3544; x_wconf 88' lang='lat' dir='ltr'><strong>annuatim</strong></span> <span class='ocrx_word' id='word_1_215' title='bbox 707 3482 900 3544; x_wconf 83' lang='lat' dir='ltr'><strong>innovatione</strong></span> <span class='ocrx_word' id='word_1_216' title='bbox 924 3499 942 3543; x_wconf 91' lang='lat' dir='ltr'><strong>e</strong></span> <span class='ocrx_word' id='word_1_217' title='bbox 965 3481 1114 3565; x_wconf 85' lang='lat' dir='ltr'><strong>gemmula</strong></span> <span class='ocrx_word' id='word_1_218' title='bbox 1135 3479 1251 3544; x_wconf 88' lang='lat' dir='ltr'><strong>laterali</strong></span> 
     </span>
     <span class='ocr_line' id='line_1_31' title="bbox 70 3583 1249 3668; baseline -0.001 -21"><span class='ocrx_word' id='word_1_219' title='bbox 70 3591 208 3662; x_wconf 76' lang='lat' dir='ltr'><strong>procreate</strong></span> <span class='ocrx_word' id='word_1_220' title='bbox 233 3599 344 3645; x_wconf 90' lang='lat' dir='ltr'><strong>novum</strong></span> <span class='ocrx_word' id='word_1_221' title='bbox 361 3583 559 3667; x_wconf 78' lang='lat' dir='ltr'><strong>vegetationis</strong></span> <span class='ocrx_word' id='word_1_222' title='bbox 575 3585 690 3665; x_wconf 78' lang='lat' dir='ltr'><strong>cyclum</strong></span> <span class='ocrx_word' id='word_1_223' title='bbox 706 3601 836 3648; x_wconf 89' lang='lat' dir='ltr'><strong>annuum</strong></span> <span class='ocrx_word' id='word_1_224' title='bbox 852 3585 965 3666; x_wconf 89' lang='lat' dir='ltr'><strong>incipit,</strong></span> <span class='ocrx_word' id='word_1_225' title='bbox 989 3605 1049 3668; x_wconf 87' lang='lat' dir='ltr'><strong>quo</strong></span> <span class='ocrx_word' id='word_1_226' title='bbox 1064 3585 1096 3648; x_wconf 84' lang='lat' dir='ltr'><strong>bt</strong></span> <span class='ocrx_word' id='word_1_227' title='bbox 1113 3592 1144 3647; x_wconf 90' lang='lat' dir='ltr'><strong>ut</strong></span> <span class='ocrx_word' id='word_1_228' title='bbox 1166 3584 1249 3666; x_wconf 86' lang='lat' dir='ltr'><strong>plan·</strong></span> 
     </span>
     <span class='ocr_line' id='line_1_32' title="bbox 68 3688 998 3772; baseline 0.004 -26"><span class='ocrx_word' id='word_1_229' title='bbox 68 3693 147 3750; x_wconf 88' lang='lat' dir='ltr'><strong>larum</strong></span> <span class='ocrx_word' id='word_1_230' title='bbox 169 3696 259 3751; x_wconf 87' lang='lat' dir='ltr'><strong>aetas</strong></span> <span class='ocrx_word' id='word_1_231' title='bbox 282 3688 505 3751; x_wconf 78' lang='lat' dir='ltr'><strong>innovationem</strong></span> <span class='ocrx_word' id='word_1_232' title='bbox 529 3703 655 3751; x_wconf 86' lang='lat' dir='ltr'><strong>nurnero</strong></span> <span class='ocrx_word' id='word_1_233' title='bbox 677 3689 870 3752; x_wconf 87' lang='lat' dir='ltr'><strong>determinari</strong></span> <span class='ocrx_word' id='word_1_234' title='bbox 893 3692 998 3772; x_wconf 89' lang='lat' dir='ltr'><strong>possit.</strong></span> 
     </span>
    </p>

    <p class='ocr_par' dir='ltr' id='par_1_10' title="bbox 68 3793 1259 4396">
     <span class='ocr_line' id='line_1_33' title="bbox 139 3793 1249 3879; baseline 0.001 -24"><span class='ocrx_word' id='word_1_235' title='bbox 139 3793 213 3856; x_wconf 84' lang='lat' dir='ltr'><strong>Corn</strong></span> <span class='ocrx_word' id='word_1_236' title='bbox 237 3795 450 3856; x_wconf 86' lang='lat' dir='ltr'><strong>innovationes</strong></span> <span class='ocrx_word' id='word_1_237' title='bbox 473 3795 528 3857; x_wconf 90' lang='lat' dir='ltr'><strong>sub</strong></span> <span class='ocrx_word' id='word_1_238' title='bbox 552 3795 650 3858; x_wconf 84' lang='lat' dir='ltr'><strong>fractu</strong></span> <span class='ocrx_word' id='word_1_239' title='bbox 673 3795 868 3879; x_wconf 80' lang='lat' dir='ltr'><strong>egredientes</strong></span> <span class='ocrx_word' id='word_1_240' title='bbox 892 3798 1014 3878; x_wconf 89' lang='lat' dir='ltr'><strong>saepius</strong></span> <span class='ocrx_word' id='word_1_241' title='bbox 1037 3795 1155 3858; x_wconf 89' lang='lat' dir='ltr'><strong>binatae</strong></span> <span class='ocrx_word' id='word_1_242' title='bbox 1177 3793 1249 3872; x_wconf 87' lang='lat' dir='ltr'><strong>sint,</strong></span> 
     </span>
     <span class='ocr_line' id='line_1_34' title="bbox 68 3897 1248 3980; baseline 0.002 -24"><span class='ocrx_word' id='word_1_243' title='bbox 68 3897 152 3959; x_wconf 88' lang='lat' dir='ltr'><strong>uallis</strong></span> <span class='ocrx_word' id='word_1_244' title='bbox 175 3901 205 3960; x_wconf 90' lang='lat' dir='ltr'><strong>in</strong></span> <span class='ocrx_word' id='word_1_245' title='bbox 222 3899 336 3960; x_wconf 86' lang='lat' dir='ltr'><strong>muscis</strong></span> <span class='ocrx_word' id='word_1_246' title='bbox 354 3898 552 3979; x_wconf 87' lang='lat' dir='ltr'><strong>aorocarpiois</strong></span> <span class='ocrx_word' id='word_1_247' title='bbox 576 3899 673 3980; x_wconf 88' lang='lat' dir='ltr'><strong>planta</strong></span> <span class='ocrx_word' id='word_1_248' title='bbox 690 3900 835 3962; x_wconf 89' lang='lat' dir='ltr'><strong>annosior</strong></span> <span class='ocrx_word' id='word_1_249' title='bbox 849 3899 961 3980; x_wconf 88' lang='lat' dir='ltr'><strong>pluries</strong></span> <span class='ocrx_word' id='word_1_250' title='bbox 979 3897 1149 3962; x_wconf 88' lang='lat' dir='ltr'><strong>dichotome</strong></span> <span class='ocrx_word' id='word_1_251' title='bbox 1166 3897 1248 3960; x_wconf 87' lang='lat' dir='ltr'><strong>iusti·</strong></span> 
     </span>
     <span class='ocr_line' id='line_1_35' title="bbox 68 4002 1259 4086; baseline -0.001 -22"><span class='ocrx_word' id='word_1_252' title='bbox 68 4003 269 4080; x_wconf 70' lang='lat' dir='ltr'><strong>potommosa</strong></span> <span class='ocrx_word' id='word_1_253' title='bbox 303 4003 505 4084; x_wconf 84' lang='lat' dir='ltr'><strong>conspicitur3</strong></span> <span class='ocrx_word' id='word_1_254' title='bbox 544 4005 680 4086; x_wconf 86' lang='lat' dir='ltr'><strong>exempla</strong></span> <span class='ocrx_word' id='word_1_255' title='bbox 715 4011 784 4066; x_wconf 90' lang='lat' dir='ltr'><strong>suut</strong></span> <span class='ocrx_word' id='word_1_256' title='bbox 816 4003 1034 4081; x_wconf 82' lang='lat' dir='ltr'><strong>Orttotriebo,</strong></span> <span class='ocrx_word' id='word_1_257' title='bbox 1074 4002 1259 4082; x_wconf 77' lang='lat' dir='ltr'><strong>Grs&#39;rronu&#39;oe,¹</strong></span> 
     </span>
     <span class='ocr_line' id='line_1_36' title="bbox 70 4105 1248 4189; baseline -0.001 -21"><span class='ocrx_word' id='word_1_258' title='bbox 70 4105 281 4186; x_wconf 71' lang='lat' dir='ltr'><strong>Gyenoslomm</strong></span> <span class='ocrx_word' id='word_1_259' title='bbox 303 4107 393 4188; x_wconf 77' lang='lat' dir='ltr'><strong>Brya</strong></span> <span class='ocrx_word' id='word_1_260' title='bbox 400 4129 414 4180; x_wconf 90' lang='lat'><em>;</em></span> <span class='ocrx_word' id='word_1_261' title='bbox 436 4107 547 4188; x_wconf 86' lang='lat' dir='ltr'><strong>stirpes</strong></span> <span class='ocrx_word' id='word_1_262' title='bbox 564 4125 688 4189; x_wconf 86' lang='lat' dir='ltr'><strong>quarum</strong></span> <span class='ocrx_word' id='word_1_263' title='bbox 705 4107 857 4170; x_wconf 88' lang='lat' dir='ltr'><strong>innovatio</strong></span> <span class='ocrx_word' id='word_1_264' title='bbox 873 4107 1008 4169; x_wconf 86' lang='lat' dir='ltr'><strong>basilaris</strong></span> <span class='ocrx_word' id='word_1_265' title='bbox 1024 4114 1083 4186; x_wconf 86' lang='lat' dir='ltr'><strong>est,</strong></span> <span class='ocrx_word' id='word_1_266' title='bbox 1099 4105 1248 4188; x_wconf 90' lang='lat' dir='ltr'><strong>simplices</strong></span> 
     </span>
     <span class='ocr_line' id='line_1_37' title="bbox 70 4211 1249 4295; baseline -0.001 -24"><span class='ocrx_word' id='word_1_267' title='bbox 70 4223 222 4295; x_wconf 79' lang='lat' dir='ltr'><strong>ramanent,</strong></span> <span class='ocrx_word' id='word_1_268' title='bbox 259 4215 298 4277; x_wconf 88' lang='lat' dir='ltr'><strong>itu</strong></span> <span class='ocrx_word' id='word_1_269' title='bbox 322 4220 356 4275; x_wconf 90' lang='lat' dir='ltr'><strong>ut</strong></span> <span class='ocrx_word' id='word_1_270' title='bbox 379 4229 494 4276; x_wconf 87' lang='lat' dir='ltr'><strong>annuas</strong></span> <span class='ocrx_word' id='word_1_271' title='bbox 517 4231 570 4277; x_wconf 90' lang='lat' dir='ltr'><strong>eas</strong></span> <span class='ocrx_word' id='word_1_272' title='bbox 600 4213 740 4293; x_wconf 82' lang='lat' dir='ltr'><strong>diceres3</strong></span> <span class='ocrx_word' id='word_1_273' title='bbox 764 4211 833 4274; x_wconf 89' lang='lat' dir='ltr'><strong>talia</strong></span> <span class='ocrx_word' id='word_1_274' title='bbox 861 4217 932 4273; x_wconf 87' lang='lat' dir='ltr'><strong>sunt</strong></span> <span class='ocrx_word' id='word_1_275' title='bbox 954 4211 1056 4289; x_wconf 76' lang='lat' dir='ltr'><strong>Malu,</strong></span> <span class='ocrx_word' id='word_1_276' title='bbox 1091 4211 1249 4288; x_wconf 68' lang='lat' dir='ltr'><strong>lomaniae,</strong></span> 
     </span>
     <span class='ocr_line' id='line_1_38' title="bbox 74 4313 859 4396; baseline 0.009 -19"><span class='ocrx_word' id='word_1_277' title='bbox 74 4313 237 4396; x_wconf 75' lang='lat' dir='ltr'><strong>lolprrtcta.</strong></span> <span class='ocrx_word' id='word_1_278' title='bbox 850 4369 859 4384; x_wconf 85' lang='lat'>.</span> 
     </span>
    </p>

    <p class='ocr_par' dir='ltr' id='par_1_11' title="bbox 78 4417 1247 4607">
     <span class='ocr_line' id='line_1_39' title="bbox 139 4417 1247 4502; baseline -0.006 -16"><span class='ocrx_word' id='word_1_279' title='bbox 139 4423 221 4496; x_wconf 82' lang='lat' dir='ltr'><strong>Quod</strong></span> <span class='ocrx_word' id='word_1_280' title='bbox 244 4423 281 4486; x_wconf 89' lang='lat' dir='ltr'><strong>ad</strong></span> <span class='ocrx_word' id='word_1_281' title='bbox 306 4421 554 4485; x_wconf 89' lang='lat' dir='ltr'><strong>ramilioationem</strong></span> <span class='ocrx_word' id='word_1_282' title='bbox 579 4420 843 4502; x_wconf 87' lang='lat' dir='ltr'><strong>Pleurocarporum</strong></span> <span class='ocrx_word' id='word_1_283' title='bbox 866 4420 1007 4501; x_wconf 89' lang='lat' dir='ltr'><strong>pertinet,</strong></span> <span class='ocrx_word' id='word_1_284' title='bbox 1033 4437 1107 4502; x_wconf 80' lang='lat' dir='ltr'><strong>vaga</strong></span> <span class='ocrx_word' id='word_1_285' title='bbox 1129 4417 1247 4498; x_wconf 90' lang='lat' dir='ltr'><strong>dicitur,</strong></span> 
     </span>
     <span class='ocr_line' id='line_1_40' title="bbox 78 4523 1247 4607; baseline -0.007 -15"><span class='ocrx_word' id='word_1_286' title='bbox 78 4537 122 4585; x_wconf 80' lang='lat' dir='ltr'><strong>eun</strong></span> <span class='ocrx_word' id='word_1_287' title='bbox 142 4530 211 4592; x_wconf 86' lang='lat' dir='ltr'><strong>rami</strong></span> <span class='ocrx_word' id='word_1_288' title='bbox 231 4529 406 4593; x_wconf 79' lang='lat' dir='ltr'><strong>inordinate</strong></span> <span class='ocrx_word' id='word_1_289' title='bbox 424 4525 561 4607; x_wconf 90' lang='lat' dir='ltr'><strong>dispositi</strong></span> <span class='ocrx_word' id='word_1_290' title='bbox 584 4533 653 4589; x_wconf 89' lang='lat' dir='ltr'><strong>sunt</strong></span> <span class='ocrx_word' id='word_1_291' title='bbox 671 4527 868 4602; x_wconf 69' lang='lat' dir='ltr'><strong>(destinetis,</strong></span> <span class='ocrx_word' id='word_1_292' title='bbox 892 4525 1031 4602; x_wconf 76' lang='lat' dir='ltr'><strong>Orsolla,</strong></span> <span class='ocrx_word' id='word_1_293' title='bbox 1055 4523 1247 4598; x_wconf 71' lang='lat' dir='ltr'><strong>daemonica,</strong></span> 
     </span>
    </p>
   </div>
   <div class='ocr_carea' id='block_1_7' title="bbox 0 0 1624 5352">
    <p class='ocr_par' dir='ltr' id='par_1_12' title="bbox 0 0 1624 5352">
     <span class='ocr_line' id='line_1_41' title="bbox 0 0 1624 5352; baseline 0 4"><span class='ocrx_word' id='word_1_294' title='bbox 0 0 1624 5352; x_wconf 95' lang='lat' dir='ltr'><strong> </strong></span> 
     </span>
    </p>
   </div>
  </div>
 </body>
</html>
