3106 5370
490 375 630 445 Brpscesc.

386 550 415 606 0.
453 553 579 608 raom
603 551 721 606 dictet.

353 675 397 744 id·
427 675 535 759 bns!
557 673 753 744 mensus

364 815 436 868 Pobl.
454 815 588 869 imbricata
606 815 748 869 smine

61 937 202 1000 Parvuium
224 937 451 1023 gracilescens,
475 945 629 1021 compacte
653 936 903 1020 caespitqusum,
936 935 1059 998 romulis
1084 935 1154 998 sub·

17 1041 99 1103 liceis.
140 1041 222 1105 Folia
244 1042 359 1106 cauliua
384 1043 640 1125 erecto-patentia
664 1041 787 1106 comaiia
810 1041 879 1104 laxe
901 1039 1071 1120 imbricata,
1094 1039 1154 1102 iate

17 1151 70 1208 uto-
89 1155 116 1209 et
137 1146 462 1231 oblongo-lanceolata,
479 1155 563 1210 costa
579 1147 677 1210 aalide
695 1146 864 1209 excedente
880 1146 972 1230 louge
988 1145 1153 1227 cuspidata,

17 1252 170 1331 egerrime,
204 1253 340 1334 margine
373 1251 496 1332 reflexa.
542 1251 672 1333 Capsuia
705 1249 844 1314 inclinata
875 1257 906 1313 et
940 1251 970 1312 in
1006 1248 1154 1332 pedicello

17 1372 94 1436 peme
114 1362 235 1420 arcuato
256 1356 397 1438 pendula,
421 1375 488 1419 cum
511 1355 591 1419 coilo
613 1354 803 1440 longiusculo
826 1361 955 1437 anguste
977 1352 1152 1436 ppriiormis

17 1457 218 1542 dsubclavata,
252 1479 292 1523 ex
314 1459 464 1525 ocbraceo
487 1461 643 1543 brunneo,
678 1459 854 1540 substriata,
887 1460 1030 1542 operculo
1059 1457 1154 1520 bemi-

18 1559 118 1626 baerico
139 1565 297 1647 spiculato.
335 1564 474 1628 Annuius
497 1566 585 1629 latus.
612 1565 793 1669 xPeristomii
817 1563 925 1627 dentes
949 1563 1069 1648 angusti
1090 1563 1155 1626 basi

17 1669 141 1750 reginei,
177 1670 291 1732 interni
321 1671 495 1734 membrana
527 1661 605 1732 baud
639 1668 675 1732 ad
715 1669 830 1732 medios
868 1669 976 1732 dentes
1012 1673 1153 1749 porrecta

17 1769 80 1850 dida,
100 1791 264 1856 processus
287 1773 444 1837 breviores
466 1774 594 1856 pertusi,
619 1773 685 1836 cilia
708 1772 895 1855 imperfecta.
926 1773 1040 1855 Sporae
1056 1773 1154 1836 serru-

17 1891 73 1938 ueac
93 1879 232 1943 minutae.
277 1877 377 1961 Bryoi.
412 1897 477 1942 eur.
507 1877 555 1960 iv,
587 1879 659 1942 Tab.
676 1874 740 1941 340
771 1875 821 1954 (ad
857 1877 1012 1960 specimen
1041 1875 1155 1942 Scblei·

18 1983 131 2044 manum
153 1982 382 2064 detineamini).

17 2101 54 2164 tbi.
72 2105 247 2184 imbricato,
271 2106 355 2168 caule
378 2123 499 2169 ramoso
521 2105 622 2185 tenui,
647 2103 726 2169 foliis
749 2103 912 2167 imbricatis
936 2105 1032 2169 oratis
1054 2104 1153 2187 cuspi-

90 2209 163 2272 datis
186 2209 404 2293 integerrimis,
428 2209 515 2273 theca
537 2209 694 2292 pyriiormi
710 2207 852 2292 oblonga,
875 2209 1019 2291 operculo
1035 2210 1153 2273 obtuso.

91 2314 256 2378 Scuwneon.
280 2314 380 2396 Suppl.
402 2313 425 2395 1,
444 2313 474 2378 P.
489 2313 525 2395 ΙΙ,
549 2333 577 2395 p.
595 2313 647 2394 71,
665 2317 685 2374 t
702 2309 744 2376 64
766 2312 817 2387 (ad
833 2316 955 2396 specim.
974 2313 1157 2390 Schleicberi

91 2417 305 2494 detineatumi)
327 2416 408 2481 Baro.
431 2417 532 2501 Bryoi.
555 2419 653 2482 univ..

17 2541 78 2602 pum
97 2525 291 2587 imbricoium
313 2520 361 2585 Br.
386 2531 417 2585 et
440 2523 505 2586 Son.
530 2521 630 2604 Rrpot.
655 2539 720 2584 eur.
767 2521 800 2584 C.
817 2521 932 2584 Mbsuun
955 2521 1025 2604 Syn.

53 2645 147 2709 dubit.
171 2648 204 2709 in
227 2645 352 2728 Alpibus
375 2643 533 2707 helveticis
557 2642 724 2719 (Valesiae)
745 2645 797 2707 ubi
825 2643 998 2707 Scuuurcnsn
1029 2645 1154 2727 detexit,

27 2753 203 2815 conensibus
227 2751 458 2828 (Gesoriacum),
483 2750 513 2812 in
537 2749 741 2832 Salisburgiae
765 2749 854 2812 infer.
878 2756 909 2814 et
930 2751 961 2813 in
986 2749 1155 2814 Corinthiae

17 2853 87 2936 pibus
107 2854 219 2918 iactum
243 2853 362 2918 dicitur.

53 2959 145 3024 Fruct.
168 2967 282 3022 motor.
306 2964 431 3023 aestate.

39 3075 108 3133 Foliis
126 3083 152 3133 iu
171 3081 306 3149 cuspidem
328 3079 430 3148 longam
452 3097 468 3131 a
490 3088 562 3132 costo
589 3079 731 3131 excedente
758 3081 949 3146 provenientem
977 3081 1107 3149 productis
1126 3083 1152 3134 in

17 3164 66 3218 ruiis
82 3169 157 3220 deuse
174 3167 327 3232 imbricatis,
344 3164 450 3219 floribus
464 3166 565 3231 dicicis,
584 3165 689 3233 capsula
701 3163 820 3234 elongata
833 3177 940 3235 augusta
953 3166 1045 3220 leniter
1057 3170 1152 3236 striata,

20 3253 106 3308 moade
123 3255 268 3324 plantarum
286 3271 302 3307 a
319 3255 429 3308 caetems
447 3252 556 3320 hujusce
574 3253 727 3322 subgeneris
739 3253 877 3320 speciebus
891 3253 968 3306 iaciie
981 3255 1154 3324 distinguitur.

368 3411 501 3495 Subgen.
524 3408 554 3473 2.
597 3409 748 3490 Bryum.

54 3547 170 3632 Capsuia
200 3549 343 3614 inclinata
373 3550 422 3614 vel
452 3547 599 3631 pendula,
632 3555 736 3613 ovato·
760 3554 792 3611 ct
813 3549 1154 3636 oblongo-pyriiormis,

17 3663 42 3710 ro
58 3651 158 3718 leuiter
181 3657 316 3719 incurva.
361 3653 570 3717 Peristomium
594 3653 746 3716 internum
768 3659 863 3717 totum
886 3654 1031 3735 liberum,
1062 3675 1154 3720 mem-

17 3771 60 3816 sna
84 3757 221 3824 basilaris
254 3760 345 3843 longe
373 3759 538 3842 producta,
571 3775 735 3841 processus
769 3758 853 3842 longi
886 3759 1014 3841 perfecti
1044 3760 1154 3826 ciliolis

17 3859 146 3946 mbongis
168 3860 287 3927 2-4
310 3863 477 3947 interjectis
499 3861 537 3925 ad
560 3861 786 3926 articulationcs
809 3862 1057 3946 appendiculotis.

201 4036 234 4090 A.
267 4037 392 4089 riores
410 4035 613 4089 disserentes
631 4050 714 4087 roro
732 4037 913 4106 polyponi.

346 4159 390 4228 it.
418 4160 526 4243 bryon
547 4158 763 4227 internodium.

301 4289 383 4358 idppu.
402 4291 580 4344 intermedium
598 4289 670 4342 Wss.
691 4300 716 4344 et
733 4290 815 4344 Mon.

59 4397 149 4486 Longe
171 4403 296 4486 iateque
318 4403 533 4486 caespitosum,
556 4402 706 4485 caespites
729 4403 809 4467 laete
831 4401 944 4464 virides
967 4400 1154 4480 fertilissimi,

17 4497 86 4564 derue
112 4508 252 4572 radiculis
287 4507 392 4572 densis
424 4507 588 4574 intertexti.
635 4507 736 4572 Gauiis
765 4507 883 4572 humilis
914 4505 1155 4569 innovationibus

891 4609 948 4662 2³·
