3144 5366
501 393 661 460 aymacasm

14 573 68 654 lpp.
88 571 266 634 statutcllasss
288 567 395 645 (Bato.)
418 567 449 633 C.
473 567 587 631 Mouza
611 567 680 648 Syn.

13 677 169 758 ltcps'otlncc.
193 673 414 739 litblmbeclsa'i
433 671 484 735 Ba.
508 680 540 736 at
562 671 626 738 Seu.
649 669 748 753 Brpol.
771 688 834 735 eur.

13 783 66 862 lpp.
88 777 237 844 llablesb.
259 777 396 842 Hmnau
419 775 528 842 Skenai.
550 775 592 842 n.

13 889 56 948 lar.
69 889 97 962 β.
113 883 406 966 cbaysoplyltos'aics,
430 881 544 962 minus,
567 880 647 946 loliis
670 881 1019 964 squamoso-secundis,
1045 901 1062 944 e
1085 882 1172 946 viridi

111 988 294 1053 stramineia.

12 1095 63 1176 lpp.
85 1092 368 1176 cnrpsopnyttoteas
391 1090 424 1155 (l.
448 1089 562 1154 nomn
586 1091 713 1173 Synops.
989 1173 993 1184 Ι

70 1217 172 1281 llobit.
194 1216 225 1278 in
246 1215 365 1297 rupium
398 1211 516 1278 fissuris
540 1221 571 1276 et
598 1212 635 1276 ad
670 1212 793 1296 abrupta
828 1219 970 1276 excavata
1003 1215 1174 1297 graminoso

12 1323 116 1405 apionis
140 1319 318 1403 subalpinae
342 1326 374 1383 et
397 1319 513 1402 alpinae
544 1317 593 1380 bic
619 1317 679 1381 illic
706 1336 760 1401 per
785 1320 891 1402 jugum
915 1317 1044 1400 alpinum
1068 1328 1099 1383 et
1121 1341 1175 1404 per

12 1427 75 1508 lpes
106 1423 338 1505 scandinaviae;
375 1423 406 1486 in
430 1423 556 1488 Sueciae
579 1422 685 1505 alpinis
709 1423 876 1486 Swanrmns
900 1423 1013 1505 primus
1037 1421 1120 1506 vidit,
1145 1426 1174 1489 in
1211 1505 1216 1518 ἡ

12 1531 154 1617 orregicis
177 1531 214 1594 cl.
238 1529 345 1611 lisura,
376 1529 407 1591 in
435 1529 552 1611 rupium
582 1527 700 1591 fissuris
729 1535 813 1591 retro
841 1544 949 1610 pagum
980 1529 1175 1592 Hister-ricto

11 1643 59 1698 eat
82 1635 273 1698 llumrnancn
303 1650 381 1698 anno
408 1629 489 1698 1843
516 1631 717 1716 pulcherrime
749 1631 888 1715 collegit,
920 1632 985 1714 ipse
1013 1633 1174 1697 observavi

11 1759 17 1800 ι
36 1739 216 1822 graminosis
239 1739 408 1821 praeruptis
431 1755 524 1822 prope
548 1737 707 1820 hospitium
731 1756 768 1799 m.
786 1737 924 1818 Grimsel,
947 1738 977 1800 in
997 1757 1034 1800 m.
1050 1738 1172 1820 Atbntm

11 1863 63 1909 nnn.
78 1843 272 1925 Decreffsld,
295 1843 325 1905 in
342 1862 380 1907 nr.
402 1843 586 1924 Untersbsrp
602 1841 805 1925 Salisburgiae
830 1841 1012 1924 (smirnam,
1037 1844 1172 1922 Sauras),

11 1967 72 2031 rope
94 1949 239 2031 Espiopo
262 1947 485 2028 Pyrenaaorum
507 1945 644 2011 altiorum
668 1943 974 2026 (simillumarum
1007 1966 1024 2007 e
1055 1946 1173 2012 conada

11 2051 236 2116 lGroenlandia
257 2050 370 2130 babe03
400 2067 462 2114 var.
484 2053 513 2128 β.
537 2051 567 2114 in
592 2049 773 2114 Sudetorum
797 2068 833 2110 m.
858 2049 964 2112 Kcsset
985 2049 1171 2130 (Solamen),

10 2177 13 2220 ι
31 2154 232 2222 Nordlandiae
248 2156 422 2238 Sondfjord
436 2153 565 2234 (burm),
587 2154 618 2216 in
632 2153 783 2250 llorvegia
800 2153 923 2217 australi
940 2171 1033 2236 prope
1050 2155 1171 2221 lsi-aber

10 2267 162 2342 amoenos),
185 2260 419 2341 ad'llomersest
441 2258 487 2336 (G.
510 2257 671 2334 Hnnraar).

63 2369 168 2432 Frnct.
190 2373 301 2429 motor.
325 2363 475 2447 Augusto,
500 2363 680 2447 Septembri.

47 2485 218 2555 Distinguitur
235 2502 249 2538 a
268 2485 312 2537 Pl.
331 2482 460 2536 silniaco
484 2482 633 2552 caespitulis
652 2483 822 2550 condensatis,
842 2484 916 2536 caule
935 2485 1072 2552 graciliore
1085 2496 1172 2540 erecto

9 2573 22 2626 sl
39 2575 205 2640 ascendente,
225 2571 328 2626 natulis
347 2569 505 2624 tenuioribus
523 2569 566 2623 val
586 2572 680 2624 crectis
699 2570 741 2624 val
755 2572 867 2624 curvatis
885 2571 943 2640 plus
967 2563 1082 2626 min'osve
1101 2574 1170 2626 elon-

9 2661 56 2728 nis,
84 2661 207 2716 loliorum
233 2675 280 2730 pro
307 2657 480 2727 magnitudine
507 2659 626 2712 latiorum
656 2659 738 2712 nitore
756 2659 879 2726 peculiari
906 2660 1041 2728 insignium
1072 2662 1171 2732 angulis

9 2749 177 2802 curantibus
201 2764 216 2800 e
240 2745 344 2800 cellulis
367 2745 481 2799 mammis
505 2744 582 2800 ualde
611 2743 703 2800 inflatis
727 2747 847 2800 sanastis
878 2750 1037 2817 compositis,
1064 2749 1170 2819 capsula

9 2835 72 2889 bora
91 2836 165 2890 striis
184 2832 411 2904 longitudinalibus
429 2841 521 2885 nauta.

46 2922 159 2978 Densius
178 2923 294 2976 laniusve
311 2922 483 2991 caespitosnun
502 2923 632 2990 provenit5
651 2921 756 2976 interra
774 2922 822 2976 aab
835 2922 988 2992 graminibus
1002 2925 1042 2976 vel
1055 2926 1080 2976 in
1098 2928 1169 2979 cavis

9 3028 68 3077 sum,
85 3013 180 3079 majus,
198 3010 265 3064 laete
283 3008 374 3075 viride,
391 3008 417 3059 in
436 3007 541 3076 rupibus
560 3008 669 3063 humidis
687 3009 735 3063 soli
755 3011 875 3078 expositis
894 3011 1084 3078 condensatum,
1105 3028 1168 3081 gra-

9 3097 60 3164 lius,
78 3099 162 3153 nitida
180 3097 343 3151 stramineum
363 3094 405 3146 val
424 3093 669 3148 latescanti-virida.

274 3369 276 3372 ,
327 3305 356 3374 7.
386 3303 619 3386 nunonem·
646 3305 823 3374 sllcslacan.

364 3461 428 3532 llpp.
446 3439 593 3516 silesiacum
613 3460 723 3516 Saum.
742 3469 784 3515 mt.

61 3605 146 3667 laxe
169 3603 386 3686 caespitnsum‚
421 3603 571 3686 caespites
605 3601 729 3666 dembsi
751 3603 857 3666 molles
889 3604 967 3668 laete
990 3605 1037 3666 vel
1060 3604 1168 3687 pallide

9 3707 100 3773 rides.
146 3707 248 3772 Cauiis
269 3725 383 3791 repens
407 3707 504 3772 dense
526 3707 723 3789 radiculosus,
747 3709 837 3772 ramis
860 3709 1009 3789 elongatis
1033 3718 1168 3774 arcuato·

9 3813 138 3894 sorbeis,
167 3812 289 3876 ramulis
312 3812 484 3878 suberescis
507 3811 555 3875 vel
576 3813 714 3876 arcuatis.
758 3811 839 3875 Folia
863 3809 979 3875 caulina
1002 3811 1169 3894 interrupte

9 3919 92 3982 inora
114 3928 147 3983 et
168 3921 279 4003 majora
295 3919 393 3983 laxius
408 3917 594 3998 densiusque
609 3916 754 3996 contorta,
770 3933 892 3979 sursum
907 3916 1050 3994 secunda,
1074 3917 1169 3981 altera

9 4031 108 4106 rguste
143 4021 309 4086 lanceolata
343 4023 437 4086 altera
471 4020 817 4102 oblongo-lanceolata,
856 4027 983 4102 utraque
1015 4019 1106 4103 longe
1138 4029 1179 4084 et·

10 4127 111 4189 nuiter
126 4127 303 4206 acuminata,
327 4123 391 4192 ba'al
405 4133 510 4192 eosne
525 4125 592 4190 loco
607 4125 751 4207 bistriata,
774 4127 859 4209 apice
875 4133 991 4190 remote
1006 4126 1167 4206 serrulnta,

9 4248 81 4294 tmea
103 4238 135 4293 et
157 4231 302 4294 ramulina
326 4233 451 4299 caulinis
474 4227 639 4316 majoribus
669 4229 792 4311 similia,
831 4229 1166 4313 squamoso-secunda,

9 4335 80 4398 nnia
102 4334 220 4399 modice
243 4336 379 4400 nitentia.
425 4337 527 4401 liores
549 4334 587 4400 ad
607 4336 831 4399 innovaticnum
846 4334 895 4398 vel
909 4351 1058 4400 ramorum
1074 4351 1167 4398 anno·

9 4455 109 4504 norum
133 4440 234 4520 basin,
268 4434 390 4504 feminei
415 4439 556 4521 solitarii,
592 4441 715 4505 masculi
737 4439 893 4524 adgregati
915 4440 1036 4503 minimi.
1081 4441 1167 4502 Peri-

9 4546 127 4608 aenium
156 4543 456 4628 ts-tt-poynum
479 4546 545 4611 laxa
567 4547 723 4632 saginans,
747 4546 885 4611 loliorum
908 4545 991 4630 apice
1013 4551 1167 4608 attenuato
