3104 5364
377 417 439 480 lili)
894 423 1064 476 Weisiancas.

463 599 563 662 liubit.
600 599 676 662 locis
713 599 872 662 ericetosis
912 600 1039 684 saxosis
1065 596 1296 662 humidiusculis
1329 617 1385 680 per
1419 595 1546 690 carons

374 695 621 784 meridionalem3
645 704 734 766 etiam
757 704 787 764 in
809 703 963 768 Britannia
987 705 1136 785 provenit.

445 824 530 877 Planta
551 825 643 878 fertilis
662 825 804 881 a'l'urnero
824 835 849 878 et
867 822 1010 877 abcidelio
1028 827 1060 878 ad
1073 826 1186 894 speeiem
1206 825 1273 876 bane
1292 824 1374 877 relata
1394 823 1471 876 larana
1487 837 1547 902 perra

375 911 445 965 liaris
463 913 635 966 strictiuscnle
654 913 680 966 0.
700 914 823 980 flexuosi
841 923 888 966 ast.
1546 905 1547 936 ¹

743 1087 773 1154 7.
809 1089 1007 1171 cmnylanns
1029 1087 1201 1170 brerlnllas.

825 1227 1124 1282 mamam.

462 1349 619 1432 Caespites
649 1349 825 1416 humiliores
858 1352 1055 1415 lucescentes.
1109 1350 1209 1413 Planta
1245 1346 1411 1432 gracilior,
1448 1337 1548 1427 rugila

374 1451 455 1516 Folia
478 1451 516 1515 ad
540 1453 764 1517 innovationum
787 1455 902 1534 apicem
927 1453 1027 1517 subite
1058 1452 1122 1514 lere
1147 1454 1258 1534 majora
1283 1450 1384 1514 dense
1410 1457 1548 1532 boumn:

374 1557 518 1620 inferiora
549 1559 678 1637 minuta,
713 1533 894 1636 ladceolala,
931 1560 1028 1621 media
1063 1564 1191 1640 anguste
1222 1555 1545 1640 elongato-lanceolata

374 1680 489 1724 summa
513 1661 618 1726 latiora
641 1662 972 1748 oblongo-lanceolata,
997 1664 1026 1724 in
1049 1662 1198 1744 apiculum
1221 1681 1330 1725 canum
1355 1661 1549 1750 denticulatus

373 1767 524 1844 exeuntia,
548 1787 565 1828 e
582 1765 681 1830 medio
697 1767 734 1829 ad
751 1769 866 1850 apicem
883 1769 1019 1852 margine
1036 1765 1161 1847 reilexa,
1185 1774 1270 1830 costa
1300 1769 1447 1830 tenuiore
1463 1783 1549 1847 angue

372 1871 449 1934 tiore
472 1870 550 1934 haud
573 1871 695 1933 sulcata.
741 1871 846 1934 Flores
869 1878 899 1933 et
922 1871 1038 1934 fructus
1061 1871 1165 1952 ignoti.
1210 1868 1309 1950 bryol.
1329 1887 1398 1932 eur.
1423 1869 1447 1948 1,
1470 1870 1499 1932 l.
1513 1865 1549 1928 lli

371 1993 543 2056 Dieraam
564 1993 746 2074 breaipilarn
769 1991 801 2054 G.
826 1993 940 2056 illesas
965 1985 1092 2075 Synops‘.
1119 1993 1157 2054 M.

374 2098 583 2180 Campylopas
604 2098 774 2180 breaipilas
799 2099 918 2161 Wnsor.
942 2098 1040 2179 Bryol.
1064 2097 1136 2161 Brit.

457 2221 561 2284 Habit.
593 2221 623 2281 in
661 2221 745 2302 sylva
777 2221 1019 2283 Fontainebleaa
1045 2220 1097 2282 ubi
1126 2217 1179 2280 An.
1213 2216 1310 2280 Bnauu
1343 2235 1415 2280 cum
1449 2235 1550 2298 praece«

370 2323 462 2387 dente
478 2327 592 2406 primus
608 2323 682 2407 legit
697 2332 728 2386 ct
750 2326 814 2406 ipse
838 2331 885 2387 sat
900 2326 1023 2406 copiose
1038 2322 1110 2402 vidi,
1127 2339 1221 2404 prope
1237 2320 1417 2385 Bordenssoe
1433 2310 1551 2404 (Dialem

372 2429 446 2491 locis
470 2425 623 2512 sylyaticis
648 2429 798 2507 arenosis,
823 2427 860 2492 ad
884 2429 1051 2491 Prestws‘cls
1074 2427 1167 2506 Uarr,
1191 2427 1487 2490 Nortlsemberlcad.
1550 2419 1551 2442 ³

440 2549 519 2602 Foliis
542 2549 705 2604 brevioribus
723 2550 864 2602 somatibus
888 2551 1021 2604 latiaribus
1047 2549 1181 2616 brevipilis
1206 2549 1320 2616 margine
1349 2549 1473 2616 reflexis,
1500 2553 1551 2598 rasa

372 2637 517 2704 angustiore
537 2639 611 2691 dorso
631 2639 696 2690 haud
715 2638 813 2691 sulcata
835 2639 913 2690 lacilc
932 2655 946 2690 a
964 2639 1138 2707 praecedente
1156 2637 1330 2702 distinguitur.

864 3053 987 3136 lrlbns
1015 3051 1071 3137 lll.
1132 3089 1138 3113 =

711 3227 981 3306 LEUCOBR
990 3225 1236 3306 YACEAE.

457 3387 576 3450 Plantae
599 3385 762 3450 albicantes
778 3390 960 3474 spongiosae
983 3408 1089 3472 aquam
1105 3388 1193 3451 avide
1208 3393 1413 3469 assurgentes,
1432 3387 1540 3451 humida

370 3491 492 3580 malles,
515 3492 616 3554 siccae
639 3489 782 3574 fragiles,
813 3493 949 3557 loliorum
981 3495 1086 3557 colore
1108 3501 1198 3574 atque
1221 3499 1378 3554 structura
1416 3493 1498 3556 dimo
1519 3518 1542 3541 ιν

370 3593 406 3656 ad
422 3595 572 3674 sabaque
586 3594 781 3675 accedentes,
806 3597 921 3660 lructus
935 3597 1035 3660 indole
1052 3615 1068 3659 a
1085 3595 1195 3658 lluscis
1210 3595 1293 3657 veris
1316 3593 1402 3660 baud
1419 3599 1544 3662 dinem

370 3705 459 3779 atque
482 3699 588 3778 partim
611 3698 816 3779 Dicranaeeis,
840 3702 946 3782 partim
970 3701 1128 3764 Polliaeeis
1151 3699 1332 3777 simillimae,
1356 3719 1421 3780 pro
1446 3719 1536 3764 mrsu

369 3809 454 3884 parte
477 3803 615 3866 exoticas
646 3805 773 3886 soleque
804 3823 920 3888 genere
944 3806 1124 3886 meobryo
1147 3805 1244 3868 tribus
1272 3805 1358 3867 vices
1396 3808 1429 3870 in
1451 3805 1487 3870 8¹
1533 3836 1536 3851 ¹

370 3913 520 3972 tenentes.

870 4053 996 4116 Fam.
1027 4051 1061 4114 1.

787 4189 1142 4262 LEUCOBRYEAE.

455 4339 558 4401 Densa
581 4339 801 4420 caespitanles,
831 4339 974 4404 radiculis
1006 4343 1109 4424 paucis
1137 4342 1255 4424 pallidis
1278 4343 1463 4422 instructae,
1485 4347 1543 4406 ism

370 4444 490 4506 vatione
506 4451 537 4506 et
552 4443 767 4508 ramilieatione
784 4445 1021 4526 bleranam-am,
1039 4447 1179 4511 humidae
1194 4447 1453 4530 glauca-virides.
1470 4453 1551 4512 sin-ar

370 4549 545 4626 albicantes.
576 4548 655 4611 Folia
672 4549 885 4630 approximate,
910 4551 1072 4632 plurifaria,
1096 4554 1349 4634 erecto-patentia
1366 4563 1398 4615 el
1424 4555 1549 4618 amends.
