3322 5376
387 369 449 432 toti
915 364 1054 432 bryseesc.
1150 379 1155 384 ·

387 546 515 612 disticbe
538 559 688 624 expansa,
713 539 813 603 omnia
832 539 953 622 juniora
977 539 1057 602 laete
1078 537 1129 600 rel
1151 533 1578 600 latescenti-viridia·seniora

387 649 606 726 tumescentia,
641 643 846 718 solidiuscula.
891 641 996 704 Floras
1019 640 1142 704 feminei
1165 639 1222 702 soli
1251 641 1330 718 noti,
1366 659 1425 702 nec
1458 638 1578 700 musculi

386 777 443 820 nee
467 756 591 816 tructus.
635 749 734 831 bryol.
758 766 823 810 eur.
845 746 894 826 tv,
918 745 989 810 Tab.
1006 741 1078 809 399.

386 881 426 944 ll.
449 872 750 958 bpmenopltplloides
774 869 857 930 caule
881 866 1066 956 ascendente
1089 884 1221 946 ramoso²
1244 865 1336 928 narnis
1356 867 1451 947 piceis
1469 866 1578 941 nitidis,

516 977 597 1040 loliis
620 974 745 1039 alternis
768 971 989 1034 sublmbrioatis
1013 971 1276 1052 amplexicaulibus
1305 971 1579 1034 rotundato-oretis

515 1079 710 1146 acutiusculis
730 1077 908 1160 marginatis
932 1076 1186 1158 integerrimis..
1204 1121 1211 1134 .
1229 1124 1235 1138 .
1252 1074 1341 1137 Hune.
1365 1069 1458 1138 llusc'.
1484 1095 1578 1157 gorm.

516 1204 544 1266 p.
561 1183 641 1263 tto3
665 1181 744 1264 quod
768 1190 874 1244 auctor
896 1179 934 1244 de
956 1180 1052 1242 lructu
1070 1179 1181 1241 nemini
1198 1186 1269 1241 noto
1285 1179 1356 1241 dicit
1371 1178 1504 1241 mendax
1520 1183 1578 1240 est!

427 1290 477 1352 Bo.
499 1295 531 1350 et
555 1288 617 1350 sm.
640 1286 740 1366 Bryol.
764 1303 828 1347 eur.
874 1283 906 1352 C,
932 1284 1047 1346 norem
1071 1283 1197 1365 Synops.
1243 1282 1380 1346 Hsaress
1404 1282 1518 1346 Skand.
1542 1285 1579 1347 ll.

472 1409 574 1472 Habit.
599 1409 628 1469 in
652 1415 733 1468 terra
758 1403 891 1486 lapidosa
914 1404 1003 1466 etad
1027 1421 1120 1483 rupes
1151 1404 1286 1466 humidas
1318 1404 1346 1464 in
1378 1404 1457 1466 valle
1482 1407 1578 1468 Gold-

386 1513 596 1579 brnodsdolen
618 1517 649 1574 et
664 1511 693 1572 in
710 1510 788 1590 Alpa
804 1509 986 1589 Dooreffl'cld
1004 1525 1097 1591 prope
1115 1508 1294 1587 Kongnoold
1308 1508 1357 1568 ubi
1373 1508 1409 1569 cl.
1427 1508 1578 1572 neumam

384 1635 464 1682 anno
498 1613 580 1678 1828
610 1614 726 1676 detexit
757 1621 787 1674 et
817 1613 882 1692 ipse
915 1610 992 1694 legi,
1024 1630 1063 1672 ex
1095 1610 1224 1691 Alpibus
1254 1611 1463 1675 Jemtlsndicis
1500 1614 1578 1674 iratr.

383 1721 520 1783 illumin
542 1718 665 1800 pulchre
689 1717 845 1795 miserunt,
870 1733 960 1796 parce
984 1716 1014 1778 in
1037 1714 1181 1778 libentiae
1205 1711 1242 1775 rb.
1268 1697 1397 1798 Speluga
1419 1716 1456 1778 ad
1474 1735 1578 1800 rupem

385 1825 559 1906 tophaccam
575 1822 745 1900 observari,
758 1820 795 1880 cl.
810 1819 887 1882 Fusa
903 1818 1084 1881 eCarinthia
1100 1816 1292 1882 aliisinuscis
1309 1819 1472 1882 immixtum
1491 1823 1579 1883 misit.

454 1945 544 1998 Planta
563 1941 709 2011 elegantula
726 1957 784 1994 cunr
802 1939 876 1994 nulla
894 1939 996 2007 generis
1015 1940 1201 1991 commutanda.

664 2173 668 2192 .
746 2131 790 2197 te.
820 2129 928 2196 linium
949 2128 1217 2212 iyncnopbyttsn.

794 2267 868 2322 Bra.
887 2277 913 2320 et
932 2269 987 2320 Sca.
1006 2266 1094 2336 Brpol.
1113 2287 1168 2322 eur.

469 2396 574 2457 Denso
596 2395 818 2475 caespitosum,
847 2391 925 2454 baud
948 2409 1019 2455 raro
1040 2392 1128 2456 ualde
1150 2393 1271 2456 elatum.
1316 2392 1416 2456 Cauiis
1438 2411 1577 2457 mmosus

384 2508 415 2563 et
437 2499 623 2576 ramulosus,
654 2498 767 2559 rubens
791 2498 896 2559 senior
926 2497 1174 2560 atro-brunnous.
1219 2495 1301 2558 Folia
1324 2500 1574 2578 erecto-patentia

383 2611 415 2667 et
437 2601 659 2681 subimbrienta,
683 2601 818 2664 siccitate
834 2601 973 2681 crispato,
990 2600 1136 2680 molliora,
1155 2600 1253 2664 ebusi
1271 2601 1377 2664 latiore
1393 2601 1575 2666 decurrente

383 2709 443 2770 lato
466 2713 568 2784 ovata,
592 2706 773 2784 acuminata,
798 2707 923 2783 mutica,
949 2712 1034 2767 costa
1057 2705 1113 2767 sub
1137 2705 1222 2786 opica
1244 2705 1382 2784 finiente,
1411 2707 1504 2770 limbo
1525 2727 1575 2770 an-

383 2819 483 2895 gusto.
528 2810 632 2872 Floras
654 2807 760 2888 dioici,
792 2808 917 2872 masculi
944 2809 1253 2887 rosaceo-discoidei3
1286 2809 1378 2872 liores
1401 2811 1525 2874 feminei
1546 2818 1575 2873 et

382 2916 499 2980 tructus
522 2913 627 2996 ignoti.
670 2912 769 2994 Bryol.
793 2931 858 2974 eur.
882 2911 930 2993 lV,
953 2913 1024 2976 l'ab.
1044 2911 1119 2976 400.
1170 2960 1173 2973 .

426 3035 476 3100 Bs.
500 3042 531 3097 et
554 3035 617 3097 Scu.
640 3033 740 3114 Bryol.
764 3053 829 3096 eur.
852 3035 870 3096 l.
889 3053 914 3097 c.
961 3035 1075 3097 numa
1100 3036 1226 3116 Synops.
1271 3035 1379 3099 llam
1404 3035 1573 3100 stendit.

468 3157 571 3219 llobit.
595 3155 627 3216 in
650 3175 687 3216 m.
711 3157 894 3237 Doorofjeld
915 3156 1085 3238 Norvegiae
1114 3135 1165 3218 ubi
1195 3157 1224 3218 in
1257 3159 1373 3238 rupium
1406 3155 1524 3221 lissuris
1546 3165 1573 3220 et

381 3261 418 3322 ad
442 3267 553 3323 terram
570 3259 626 3322 sub
643 3259 777 3340 rupibus,
794 3260 886 3322 sociis
905 3260 1035 3323 Timmio
1050 3261 1281 3341 mepnpolitono
1296 3269 1327 3325 et
1341 3263 1427 3326 linio
1451 3265 1572 3326 ortior-

382 3365 531 3444 rbpnclto,
549 3363 731 3443 caespitibus
748 3363 865 3446 magnis
881 3365 1121 3426 tumescentibus
1137 3371 1254 3427 aestate
1270 3367 1340 3429 anni
1359 3365 1442 3430 1844
1458 3369 1571 3452 reperi3

381 3488 398 3530 e
421 3468 569 3550 Lopponia
595 3467 705 3529 Pitensi
729 3467 763 3530 cl.
780 3467 922 3528 linusano
944 3468 1046 3530 retulit
1069 3476 1100 3530 et
1123 3470 1210 3533 misit.

449 3589 540 3642 Dillert
559 3605 573 3640 a
591 3589 761 3654 praecedente
780 3588 936 3656 caespitibus
954 3589 1125 3656 densioribus,
1144 3591 1219 3644 caule
1238 3592 1319 3660 magis
1337 3591 1416 3654 eluto,
1434 3594 1501 3646 baud
1519 3611 1571 3646 ram

380 3675 479 3744 pedali,
507 3675 648 3736 crassiore,
675 3672 744 3726 loliis
763 3676 845 3742 magis
863 3675 1001 3742 conlectis,
1029 3675 1190 3728 mollioribus
1216 3679 1334 3732 siccitate
1363 3682 1495 3748 crispatis,
1522 3681 1571 3732 basi

380 3764 471 3816 latiore
490 3760 697 3824 decurrentibus,
725 3764 808 3814 minus
831 3761 987 3828 rotundatis,
1015 3765 1163 3832 praescotia
1192 3766 1302 3834 denique
1327 3763 1397 3820 doris
1420 3767 1527 3820 masculi
1549 3779 1571 3818 et

380 3849 494 3902 absentia
514 3847 624 3900 lonniaci.

774 4023 847 4086 Gen.
872 4021 900 4086 li.
947 4022 1173 4086 ctbcttbtttn.

771 4163 878 4214 Swsnrr
896 4161 1001 4216 Schrad.
1021 4164 1073 4216 bot.
1093 4163 1181 4218 lourn.

466 4283 585 4345 Plantae
616 4285 775 4363 speciosae
810 4285 907 4348 elatae
936 4284 966 4347 in
996 4287 1149 4366 caespites
1182 4294 1329 4350 extensos
1360 4289 1570 4352 rulo-virides

378 4391 464 4465 stupa
499 4387 657 4449 radiculari
691 4388 860 4470 nigricante
899 4387 1079 4450 intertextus
1118 4396 1300 4470 congestae,
1340 4391 1495 4474 simplices
1527 4393 1569 4452 rel

377 4489 501 4551 matriolis
525 4490 677 4553 nonnullis
701 4490 864 4572 gracilibus
885 4493 998 4553 erretis
1015 4492 1194 4572 corrutone,
1213 4495 1268 4556 sub
1285 4495 1371 4576 apice
1388 4499 1567 4560 innoeentes.
