3238 5352
568 323 733 376 introductio.
1179 323 1250 379 XXV

84 498 173 560 mscis
192 499 340 580 exceptis,
375 499 496 581 capsula
520 499 556 562 ad
580 515 688 582 sporns
711 499 892 562 emittendas
914 499 1068 580 aperitur3
1102 487 1250 566 corolum

82 602 176 665 bulen
197 603 246 684 gui
268 602 299 665 in
324 620 437 688 magno
459 621 631 667 muscorum
655 621 782 666 numero
810 603 950 685 capsulae
974 603 1179 686 operculoquc
1203 604 1249 667 in-

81 707 216 788 terpositus
237 707 394 791 reperitur
415 714 447 771 cl
469 707 531 794 qui,
555 708 678 772 clastica
701 725 756 771 sua
773 705 934 788 solutione,
959 707 1135 790 operculum
1151 709 1249 792 ipsum

83 811 168 896 dejicit.

145 915 256 1002 Organa
290 935 370 1000 quaa
403 917 554 1000 capsulam
589 919 738 980 internam
768 924 916 1000 occupant
947 924 1017 984 sunt
1047 917 1250 999 aporunpt'um

84 1023 302 1102 (rporoogidiom
324 1029 356 1084 et
377 1023 590 1104 sporopltoros
612 1023 707 1102 aliis),
739 1041 853 1102 sponoe
883 1028 915 1084 el
942 1022 1111 1085 colunnella.
1156 1023 1249 1085 Peri·-

81 1129 207 1204 rtoniuan,
236 1125 419 1208 corpuscula
451 1125 499 1188 illa
522 1125 673 1208 regularia
696 1145 776 1208 quae
797 1125 865 1190 cilia
889 1123 1060 1190 fimbriasve
1083 1124 1249 1196 referentia

80 1229 239 1310 plurinomnn
264 1247 442 1294 muscarum
466 1229 593 1312 simplici
616 1229 672 1318 vel⁸
687 1230 797 1312 duplici
819 1230 902 1292 serie
925 1227 1070 1294 orificium
1090 1230 1248 1313 capsulam

79 1335 187 1417 cingunt,
217 1333 328 1417 parieti
360 1333 481 1398 interno
510 1334 646 1417 operculi
669 1335 807 1418 adjacent
830 1332 1022 1416 mediumque
1044 1334 1123 1398 inter
1146 1344 1248 1402 exter-

80 1454 128 1500 mn
146 1440 293 1521 capsulam
318 1446 350 1501 et
371 1440 521 1502 internam
543 1445 658 1501 tenent.

140 1543 178 1606 lle
198 1543 336 1606 diuersis
358 1543 407 1606 bic
429 1543 778 1626 enumeratispcapsulae
801 1543 952 1625 partibus,
975 1543 1079 1606 verbis
1101 1541 1245 1608 breuibus

87 1649 178 1711 nontin
200 1643 336 1733 singulis
361 1647 560 1730 sequentibus
583 1647 780 1730 paragraphis
802 1647 930 1711 locuturi
952 1660 1067 1716 sarnus.

334 1841 363 1902 §-
381 1838 411 1892 42
435 1839 484 1892 Do
502 1837 780 1902 capsulaproprte
798 1837 957 1890 elediata.
1078 1801 1083 1810 ¹

140 1961 309 2025 lluscorum
333 1959 456 2042 capsula
479 1979 496 2022 e
520 1961 702 2023 membrana¹
715 1960 781 2043 plus
805 1963 942 2028 minusne
975 1959 1075 2023 tenaci
1104 1959 1243 2027 efforma-
1309 2011 1312 2028 .

77 2069 122 2140 tur,
147 2083 216 2146 quae
239 2066 313 2148 ipsa
335 2084 353 2128 c
376 2065 495 2128 duobus
516 2065 565 2128 vel
588 2064 722 2147 pluribus
745 2065 918 2129 cellularum
952 2065 1056 2128 stratis
1085 2070 1244 2128 exstructa
1307 2133 1310 2140 Δ

75 2169 203 2250 reperitur,
228 2187 363 2253 quorum
388 2170 523 2233 exterius
546 2171 742 2236 interioribus
764 2171 911 2250 crassius,
935 2169 1049 2239 unius
1072 2189 1089 2232 e
1113 2169 1244 2251 oellulis,

75 2273 203 2356 praecipue
225 2276 265 2340 ad
287 2275 370 2339 latus
393 2283 563 2353 externum,
588 2275 796 2356 pacbydermis
819 2283 909 2358 atque
932 2293 987 2358 prc
1009 2273 1102 2338 variis
1125 2275 1243 2357 specie-

75 2373 115 2438 bus
133 2380 349 2462 magnitudine,
387 2378 482 2443 lorma
513 2387 546 2441 et
567 2379 670 2444 colore
692 2381 878 2445 variantibus
900 2381 1098 2461 compositum
1123 2377 1243 2462 epitler·

75 2479 157 2543 uiiem
178 2482 271 2568 lingit,
297 2480 379 2546 beuti
404 2501 485 2562 raro,
507 2484 687 2566 praeprimis
711 2482 748 2548 ad
772 2485 913 2566 capsulae
936 2484 1040 2565 basin,
1064 2483 1243 2548 eternalibus

75 2589 213 2652 numerosis
236 2595 405 2671 pertusam.
452 2587 622 2652 Membrana
646 2587 721 2652 baec
743 2589 886 2672 capsulae
909 2596 1054 2651 externae
1077 2604 1133 2670 pro
1155 2606 1244 2653 more

74 2691 168 2754 annino
187 2693 280 2756 laevis
315 2699 348 2754 et
377 2691 481 2754 colore
515 2691 658 2755 uniformi
690 2695 782 2756 tincta
815 2693 1010 2775 conspicitur.
1055 2689 1122 2756 llon
1152 2694 1242 2775 pauci

76 2795 151 2856 omen
170 2803 336 2861 occurrunt
359 2797 455 2859 musci
478 2814 605 2879 quorum
628 2797 750 2880 capsula
774 2799 858 2861 striis
887 2795 1153 2882 longitudinalibos
1180 2797 1242 2860 alis·

76 2896 195 2962 colorbus
217 2902 362 2987 signatur
377 2917 455 2983 qttoe
477 2919 495 2963 e
518 2901 637 2964 cellulis
659 2900 919 2966 diversilormibus
943 2903 1130 2982 formantur,
1160 2902 1243 2976 unde

76 3003 159 3067 tbiotc
178 3013 320 3086 vocatur,
356 3013 390 3068 ut
411 3007 441 3067 in
472 3007 608 3088 plurimis
637 3007 859 3088 Orlltotriclu'a,
893 3007 924 3070 ln
946 3025 1038 3090 genn.
1062 2984 1238 3089 Ampltidio,

78 3103 233 3190 inocente,
255 3113 289 3174 in
314 3111 494 3192 Encolppto
516 3111 737 3194 rlobtlocorpc
753 3119 783 3175 et
798 3119 1016 3194 streptocorpo
1038 3113 1126 3194 cujus
1148 3113 1241 3176 striae

80 3213 194 3290 epulan
225 3215 460 3300 elegantissimo
493 3214 583 3279 modo
618 3215 768 3298 spiraliter
791 3211 1039 3300 circumcingunt.
1086 3215 1119 3278 ln
1150 3217 1241 3296 raris,

83 3310 219 3398 loomim&
242 3319 374 3384 exoticis
398 3320 570 3402 speciebus,
594 3321 718 3403 capsula
741 3321 907 3385 tuberculis
929 3320 978 3383 vel
1006 3317 1123 3403 papillis
1142 3329 1242 3385 ‘exas-

84 3428 150 3492 putta
178 3425 342 3488 iuvenitur.
389 3423 573 3506 Supericies
607 3427 675 3509 ejus
708 3432 863 3490 caeterum
902 3426 950 3489 vel
982 3443 1085 3507 opoco
1113 3431 1162 3488 cst
1192 3425 1241 3488 vel

83 3523 158 3608 iilo,
177 3527 224 3593 bic
245 3529 310 3594 illic
333 3531 509 3610 varicoso,
532 3537 564 3592 et
586 3529 612 3593 si
634 3530 671 3593 etl
695 3529 829 3594 colorem
852 3527 999 3612 respicias
1033 3546 1103 3592 eum
1125 3529 1241 3594 viridi-

79 3623 251 3699 lmoecotem
272 3634 415 3698 invenies
438 3633 469 3696 in
493 3633 609 3716 Polgtr.
631 3635 770 3716 fomoso
794 3641 825 3698 et
848 3635 979 3716 gracili,
1007 3635 1039 3696 in
1062 3633 1163 3698 Boeo.
1187 3636 1240 3696 in-

81 3729 172 3800 lsrioto
192 3757 218 3801 e.
239 3758 278 3818 a,
301 3737 418 3819 flocum
440 3737 470 3802 in
493 3739 712 3820 l'logiotlrccit'a
734 3737 887 3820 plurimis,
911 3739 1088 3802 carentiam
1110 3739 1141 3800 in
1170 3739 1241 3802 We-
1286 3757 1289 3765 ‘

68 3831 133 3898 'lan
150 3845 247 3924 catu,
270 3843 451 3926 Leptobrpo
473 3844 649 3926 pyrisormi,
674 3861 818 3906 corneum
840 3843 871 3906 in
895 3842 980 3925 Brpo
996 3859 1122 3922 corneo,
1145 3843 1241 3907 Wolt-

83 3935 209 4025 clepit,
228 3949 353 4030 finam
375 3949 407 4010 in
429 3946 515 4030 sago
536 3955 679 4029 comata,
712 3948 997 4030 pseudoisipoetro,
1021 3948 1241 4028 soacmcettlem

84 4055 121 4102 itt
138 4045 347 4133 βαυο-[ωοιιω
369 4053 402 4114 in
431 4050 678 4132 Pltpacomitriis,
711 4052 742 4113 iu
776 4051 829 4114 Br.
855 4053 1028 4130 turbinato,
1061 4047 1242 4133 spadicam

87 4141 160 4212 intr.
177 4156 365 4235 internecio,
390 4156 597 4220 Gerctotlonte
615 4175 793 4238 perparco,
817 4151 993 4220 tutilonem
1013 4155 1045 4218 in
1067 4155 1240 4238 prertcro

90 4261 181 4336 molo,
200 4259 229 4322 in
251 4259 453 4324 Becboomio
475 4261 611 4341 oplpllo,
636 4261 761 4324 bailiam
782 4261 830 4323 vel
854 4269 1034 4326 castaneam
1051 4260 1082 4322 in
1098 4261 1240 4325 Funeris

93 4355 256 4443 domium,
279 4366 311 4427 in
334 4365 468 4427 licerium
490 4364 671 4446 speciebus,
704 4367 906 4446 sanguineum
929 4366 960 4426 in
984 4365 1071 4447 Brgo
1094 4365 1240 4446 engobra-

95 4469 169 4541 (Μ,
187 4471 376 4550 morpiaolo,
402 4469 524 4550 olpitto,
548 4475 772 4552 iorqocaceutc,
796 4477 1077 4552 otro-perperaum
1099 4470 1128 4532 ln
1152 4468 1237 4552 Brpo
