3104 5364
528 357 681 412 Potttaceae.
783 319 785 323 Ι
1142 349 1202 414 1ίῦ

43 531 198 612 lidynedou
227 531 406 612 Maeotia
425 530 505 594 Bure.
530 531 628 613 Bryol.
653 534 731 597 univ.
777 533 822 596 Du
843 531 970 597 Nouanus
995 531 1065 616 Syll.

42 633 245 698 monstenem
267 635 431 716 nomenato
452 636 502 699 Bu.
528 643 558 698 el
582 637 645 702 Son.
669 638 717 701 Bu.
742 656 805 702 eur.
834 638 852 700 l.
876 657 901 700 c.
949 637 1056 702 Hnnrm
1081 636 1132 701 Sk.
1157 635 1198 698 Fl.

41 737 185 819 tetemet.
208 739 375 820 fleoeioanle
397 741 502 804 Hunis.
550 740 582 804 C.
606 742 721 806 nuum
746 743 816 824 Syn.

41 843 83 905 lu.
105 849 130 920 β.
155 847 303 926 mem,
334 853 487 928 compacte
515 849 734 928 caespitesum,
771 847 858 910 caule
886 847 1061 925 humiliore,
1096 845 1194 907 miuus

130 968 264 1031 ramoso,
289 951 406 1050 stricto,
431 951 510 1013 loliis
533 952 656 1030 erectis,
680 951 807 1029 strictis,
830 951 1030 1014 brevioribus.

93 1069 187 1132 liubit
216 1069 255 1133 ad
288 1090 381 1153 rupes
405 1072 556 1136 calcareas
587 1081 617 1134 et
645 1072 675 1134 in
707 1079 789 1134 terra
818 1071 952 1154 lapidosa
977 1073 1112 1135 calcarea
1143 1089 1198 1152 per

41 1172 156 1252 upencm
180 1183 357 1238 montanum
380 1193 476 1257 usquc
499 1177 530 1238 in
554 1176 753 1258 subalpinam,
778 1177 808 1238 in
831 1178 992 1259 campestri
1017 1178 1194 1260 plerumque

41 1277 121 1341 urile:
150 1280 309 1343 rarissime
333 1281 365 1341 in
387 1280 463 1346 valle
496 1281 629 1344 rhenano
654 1280 692 1344 ad
716 1282 809 1345 celles
828 1283 980 1346 calcareas
1005 1282 1104 1344 fertile
1126 1297 1195 1361 pro-

41 1381 88 1440 uu't
111 1384 150 1455 (in
170 1385 290 1448 Alsatia
314 1401 417 1466 super.
441 1403 534 1467 prope
561 1385 708 1468 deffectu,
733 1389 763 1450 in
789 1387 953 1450 Palatinam
976 1403 1070 1469 prope
1093 1383 1195 1447 Duel-

41 1482 106 1562 lo‘n),
126 1487 338 1568 copiosissime
362 1490 392 1552 in
415 1489 542 1552 durasse
566 1497 597 1552 et
619 1492 650 1552 iu
672 1491 739 1573 Alp.
763 1492 919 1556 calcareis

41 1607 42 1612 ’
89 1606 182 1671 Fruct.
205 1620 320 1676 matur.
345 1613 424 1696 lluje
446 1621 477 1676 ct
499 1615 599 1679 lunio.
643 1614 676 1677 ln
705 1613 856 1678 Britannia
885 1614 982 1677 solnm
1011 1610 1117 1676 sterile
1140 1608 1193 1674 ob-

41 1717 147 1772 tnatum
169 1722 225 1779 est.

78 1829 170 1887 Fructus
187 1839 273 1891 rarius
291 1849 431 1892 occurrunt
448 1857 522 1910 quam
542 1843 568 1892 in
581 1841 769 1909 congeneribue
787 1851 814 1894 et
826 1858 882 1892 cum
901 1841 983 1893 adsint
1002 1853 1080 1906 saepe
1099 1838 1192 1904 imper·

42 1915 73 1966 lui
87 1924 276 1988 conspiciuntur.
300 1925 444 1980 Peristomii
463 1929 553 1980 dentes
571 1928 647 1982 uelde
667 1929 772 1996 fragiles
785 1927 862 1997 paule
882 1938 938 1995 poet
957 1925 1073 1995 operculi
1093 1925 1193 1992 lapsum

41 2003 115 2060 dmm
132 2012 184 2078 ipsu
201 2015 330 2081 operculo
350 2019 440 2084 partim
459 2035 505 2070 seu
524 2020 568 2071 toti
587 2018 722 2086 effugiunt.

406 2228 440 2278 B.
471 2229 594 2281 Florae
611 2227 772 2281 menelei.

342 2383 371 2450 5.
415 2385 634 2467 teptetriolun
656 2387 834 2466 sutulutuuu.

358 2537 442 2594 Brunca
459 2543 485 2594 in
504 2544 634 2597 Susanna
654 2544 691 2598 ΡΙ.
709 2546 825 2614 tingitan.

93 2668 252 2757 Parvulum,
276 2683 454 2764 gregarium
477 2693 508 2748 et
529 2686 598 2750 laxe
621 2687 865 2770 caespitnlosum,
889 2679 1046 2766 caespitnli
1069 2675 1187 2756 molles,

44 2771 210 2842 tce-uirides.
257 2781 342 2848 Folia
365 2790 500 2854 secunda
522 2792 571 2855 vcl
600 2791 733 2874 undique
757 2791 903 2874 patentia,
937 2805 976 2850 ex
997 2790 1085 2848 ovata
1121 2781 1188 2843 basi

45 2869 149 2986 Qun,
169 2883 227 2947 late
250 2897 387 2971 costato,
411 2901 497 2958 costa
519 2896 606 2978 plane
630 2898 818 2960 subcencava
842 2891 1028 2970 excedente,
1052 2887 1186 2972 sericae·

46 2981 131 3090 tentia
157 2986 235 3052 laete
259 3000 293 3056 et
322 2998 547 3063 aureo-viridia.
593 3001 771 3066 Antheridia
800 3002 830 3062 in
862 2998 1000 3062 loliorum
1030 2991 1185 3057 cernelium

47 3079 108 3196 ultis.
148 3091 272 3175 capsula
296 3108 401 3182 ovata,
425 3107 621 3188 exannulatu,
645 3105 913 3190 ruteserruginea.
959 3097 1142 3183 operculum
1166 3111 1184 3156 e

47 3172 329 3265 honovere-conica
352 3205 548 3273 brevirostre.
581 3212 752 3275 Peristemii
768 3210 876 3274 dentes
893 3207 1013 3292 gemelli
1036 3205 1066 3266 in
1089 3219 1181 3262 mem-

47 3274 222 3470 ῗξώδθῗίὲοῖῐί
238 3310 457 3389 angustissima
474 3315 580 3395 partim
603 3316 701 3396 liberi,
718 3317 824 3398 partim
839 3299 972 3378 connati
1001 3306 1101 3389 Bryel·
1119 3321 1183 3368 eur.

47 3503 145 3584 neten.
164 3529 337 3598 amnem
358 3536 409 3600 Bu.
433 3548 464 3602 et
488 3542 552 3607 Seu.
577 3543 675 3626 Bryet.
698 3565 762 3612 eur.
787 3548 805 3609 l.
829 3565 855 3612 o.
900 3541 991 3604 Wrus.
1015 3535 1064 3602 ur.
1087 3531 1158 3596 Brit·

48 3607 186 3696 lilpuopo„
207 3655 323 3702 uermes
346 3640 389 3702 Du
412 3643 520 3708 Nerua.
546 3647 686 3734 spicileg.
712 3659 742 3713 et
765 3651 834 3733 Syll.

47 3707 212 3798 mumma
232 3743 410 3808 emnium
430 3748 539 3812 num.
584 3753 672 3819 nuru.
697 3756 766 3836 syn.

99 3847 178 3916 doun.
205 3861 233 3924 in
263 3872 348 3930 terra
371 3868 523 3935 denudata
552 3892 731 3955 pascuorum
762 3887 793 3942 et
820 3879 858 3943 ad
886 3877 1001 3940 viarum
1036 3853 1120 3930 lesse
1150 3867 1181 3923 ct

100 3969 230 4044 praerupta
252 3968 303 4032 ¹¹1⁰
327 3971 387 4034 illic
408 3993 465 4055 per
487 3995 595 4041 uenum
617 3982 863 4062 meridionalem,
895 3996 965 4047 raro
994 3979 1025 4039 in
1049 3966 1178 4052 ungite:

48 4033 176 4125 “tudima
195 4072 318 4136 lssflisali
336 4074 470 4160 (Gom),
494 4081 525 4142 iu
544 4082 642 4148 Sicilia
666 4085 836 4168 (Bausuue),
859 4105 953 4171 prope
969 4085 1012 4148 st.
1030 4079 1125 4142 Seuer
1147 4073 1178 4133 in

50 4157 94 4264 ’Ψ
113 4167 203 4240 mum
224 4175 391 4261 (Lam),
414 4183 466 4246 ubi
489 4188 582 4249 sociis
613 4189 723 4255 Weieie
751 4194 904 4272 oimululo,
936 4179 1179 4254 Entestlodonte

49 4265 175 4376 ΜΨ
199 4285 227 4339 θῑ
256 4283 462 4368 Tmpletom',
490 4291 632 4356 Faueria
660 4315 815 4379 cenaene,
848 4296 1006 4362 Pleecldie
1035 4283 1177 4354 subulam

50 4365 135 4462 ‘mu
158 4374 227 4460 ille,
257 4386 337 4452 duce
372 4392 556 4458 amicissimo
585 4396 667 4460 Ldou
690 4401 806 4465 lter-eur
830 4405 955 4488 copiose
977 4405 1009 4460 et
1038 4386 1177 4475 pulcher-

53 4468 173 4618 m'tt'etli
201 4503 236 4549 ex
257 4492 355 4556 insula
379 4495 512 4562 Corsico
534 4500 570 4566 ol.
592 4503 735 4570 Ltvruuud
759 4506 996 4574 communicavit.
1040 4499 1072 4562 lu
1095 4501 1176 4555 terra

107 4593 181 4644 ”mli
193 4599 303 4660 Speculo.
990 4627 1021 4678 ¹0
