3080 5370
876 397 1068 454 lirimmiaecae.

864 647 994 712 Fam.
1029 643 1083 712 V.

776 785 1185 857 ouufloutttcttttnu.

462 937 583 999 Plantae
606 934 807 1017 vegetationis
831 944 920 1018 atque
944 937 1167 1000 innnovationis
1184 937 1274 1000 modo
1289 937 1469 1000 Grimmiaeis
1484 937 1536 996 haul

374 1037 550 1120 dissimiles,
577 1039 655 1102 faeie
678 1047 781 1102 tamen
803 1039 947 1122 peculiari
971 1039 1142 1124 gaudentes
1165 1043 1257 1104 totius
1288 1041 1414 1105 familiae
1437 1041 1537 1104 memte

373 1147 471 1228 primo
496 1145 604 1207 intuitu
628 1143 846 1228 distinguente.
892 1145 1001 1208 Gaules
1024 1145 1072 1207 vel
1099 1146 1129 1208 in
1159 1145 1330 1228 pulvinulos
1358 1147 1405 1209 vel
1431 1145 1459 1207 in
1479 1163 1537 1206 caes·

372 1249 452 1331 pites
478 1251 589 1313 ambitu
615 1249 781 1332 depressos
805 1251 965 1334 congesti,
997 1249 1168 1314 innovando
1203 1249 1375 1313 dichotome
1407 1250 1539 1332 fastigiare

375 1355 498 1438 ramosi,
522 1356 686 1439 praecipue
703 1355 767 1418 basi
783 1355 964 1435 radicantes,
988 1355 1146 1417 breviores
1163 1355 1259 1418 erecti
1274 1355 1433 1437 longiores
1448 1353 1532 1416 decan

373 1458 493 1540 dentes,
519 1458 597 1522 haud
622 1477 692 1523 raro
714 1459 807 1544 longe
830 1465 1042 1544 prorepentes,
1070 1477 1173 1522 minos
1196 1459 1358 1542 florigeros
1380 1459 1530 1522 ramulos

372 1561 483 1631 breves
500 1572 622 1628 erectos
639 1565 811 1628 emittentes
832 1565 960 1644 (illotae
975 1563 1156 1646 complures,
1179 1563 1438 1643 Mocroma'tn'aen,
1455 1563 1534 1626 setin

373 1669 501 1746 tuma,
530 1668 788 1748 Dmmmondia),
818 1668 914 1730 dense
943 1667 1052 1732 loliosi.
1107 1667 1187 1731 Folia
1216 1667 1445 1733 innovationem
1473 1687 1526 1728 mn

376 1773 508 1850 minora,
531 1779 652 1835 caetera
670 1772 863 1855 subaequalis
880 1772 995 1854 apicem
1011 1788 1121 1834 versus
1145 1771 1260 1834 sensim
1276 1771 1435 1850 densiora,
1456 1771 1485 1834 h·

372 1876 504 1959 patentia
523 1885 555 1937 et
573 1893 746 1958 squarrosa,
764 1877 844 1940 sicca
858 1875 1070 1938 subimbricata
1085 1875 1134 1938 vel
1151 1875 1413 1960 cirrhatocrispa,
1429 1877 1492 1938 oble
1506 1906 1529 1951 «ῃ

375 1989 406 2043 et
436 1980 778 2062 elongato-lanceolata,
811 1981 1048 2059 tereti-costata,
1072 1979 1207 2064 integra,
1231 1981 1371 2065 margine
1398 1981 1539 2064 plerump

374 2081 530 2166 revoluta,
563 2091 697 2150 saturato
721 2084 770 2147 vel
793 2103 810 2148 e
834 2085 917 2148 luteo
940 2084 1065 2164 viridia,
1098 2091 1198 2146 aetate
1227 2083 1409 2167 ferruginea
1431 2095 1462 2148 et
1480 2089 1503 2146 ni
1529 2078 1540 2096 '³

374 2190 488 2267 cantia,
520 2205 631 2271 opaca,
663 2191 776 2266 minute
799 2189 959 2272 papillosa,
989 2207 1007 2250 e
1037 2187 1156 2253 cellulis
1185 2187 1403 2271 pachydermis
1431 2193 1461 2254 in
1493 2218 1517 2245 n·

376 2295 536 2376 superiore
552 2294 673 2358 areolas
690 2295 819 2358 minutas
835 2293 1063 2376 punctiiormes,
1087 2295 1117 2354 in
1133 2299 1218 2374 parte
1242 2291 1368 2356 basilari
1384 2295 1436 2358 vel
1450 2313 1526 2356 am

374 2399 533 2481 elongans
555 2398 603 2460 vel
626 2396 1006 2482 hexagono-rectangulas
1030 2395 1244 2479 formantibus,
1267 2397 1444 2464 minoribns
1459 2399 1498 2462 cll
1529 2426 1531 2445 ε

373 2501 473 2585 phyllo
485 2501 626 2584 impletis,
640 2502 805 2585 majoribus
820 2502 957 2585 hyalinis.
981 2501 1126 2586 vaginula
1139 2501 1279 2586 oblonga,
1295 2501 1372 2566 tubo
1389 2504 1520 2568 mentm

373 2623 430 2668 ceo
452 2603 588 2686 adaucta,
605 2623 697 2689 saepe
713 2606 817 2688 pilosa.
850 2605 988 2688 Calyptra
1004 2605 1216 2670 mitraelormis
1237 2605 1287 2668 rel
1311 2607 1501 2692 suhcyliudra
1521 2646 1525 2653 ›

373 2707 630 2790 longitudinaliter
652 2708 759 2792 plicata
782 2710 830 2773 vel
853 2710 963 2789 laevis,
985 2710 1080 2791 pilosa
1096 2709 1145 2771 vel
1168 2707 1258 2790 nuda,
1284 2711 1448 2774 rarissime
1465 2714 1538 2769 2³0ae

373 2812 519 2877 cucullata
555 2814 819 2891 (Dremmondio).
881 2811 1009 2896 capsula
1046 2816 1076 2874 ln
1116 2811 1263 2895 pedicello
1301 2823 1395 2879 recto
1428 2819 1501 2878 imm

374 2917 423 2980 vel
441 2935 620 3000 emergens,
645 2919 694 2982 vel
717 2917 838 2982 tandem
853 2918 920 2999 plus
936 2919 1035 2981 minus
1050 2917 1109 2979 alte
1126 2923 1266 2998 exserta,
1291 2927 1420 3000 erecta,

371 3021 463 3100 trica,
498 3039 590 3106 saepe
622 3025 737 3086 striata.
791 3020 942 3104 Operculo
964 3021 1153 3086 rectirostro.
1199 3020 1323 3087 Annulo
1354 3023 1451 3088 nullo.

372 3128 512 3190 stomium
542 3127 670 3209 simplex
690 3126 739 3188 vel
763 3125 891 3210 duplex,
920 3127 1075 3190 rarissime
1096 3124 1228 3206 nullum,
1259 3130 1387 3192 externi
1420 3129 1538 3194 dentes

372 3231 564 3314 bigeminati,
596 3231 654 3294 late
685 3230 860 3310 lanceolati,
889 3230 937 3293 vel
978 3225 1016 3293 ld
1049 3230 1209 3312 geminati,
1239 3239 1364 3295 remote
1399 3241 1494 3298 transt

371 3335 529 3414 articulati,
554 3335 645 3417 plani,
670 3335 797 3398 cuticula
814 3334 928 3399 dorsali
942 3333 1058 3418 papillis
1074 3333 1258 3398 densissime
1273 3337 1431 3402 confertis
1446 3357 1475 3400 o·
1498 3372 1517 3391 ,ι
1537 3403 1538 3416 ἢ

371 3439 453 3501 intus
484 3440 595 3503 leniter
625 3439 819 3520 trabeculati,
850 3439 1049 3518 lutescentes,
1073 3439 1203 3501 maxime
1225 3435 1538 3876 ὶητοεοορίσίἿ

373 3549 436 3606 tate
459 3543 587 3622 rellexi,
611 3545 723 3606 interni
746 3543 813 3606 cilia
835 3541 942 3606 8-16
966 3543 1061 3606 libera
1090 3559 1161 3606 raro
1183 3543 1270 3625 apice
1297 3547 1497 3611 confluentia.

373 3647 545 3711 membrana
568 3655 713 3712 truncata.

811 3837 885 3904 Gen.
911 3838 938 3900 l.
983 3837 1122 3902 utorn

893 3975 966 4028 idon
983 3985 1040 4031 met

459 4099 554 4164 liusci
584 4099 778 4182 pulvinulati,
803 4098 938 4162 caulibus
961 4101 1072 4162 erectis
1097 4099 1145 4162 vel
1168 4101 1198 4162 in
1229 4099 1428 4182 pulvillorurn
1450 4103 1537 4202 ‘mi

371 4209 579 4284 prorepentes.
625 4201 707 4265 Folia
735 4201 1094 4284 elongato-lanceolata,
1120 4201 1272 4280 molliora,
1305 4201 1463 4282 flexuosa,
1487 4217 1531 4260 saa

371 4305 501 4387 crispula
524 4314 554 4369 et
577 4306 824 4388 torquescentia,
854 4307 1012 4370 rarissime
1035 4307 1137 4370 stricta
1165 4303 1315 4390 rigidnla,
1347 4307 1436 4372 basis
1458 4209 1537 4488 1(ὶῆ

372 4415 534 4474 excavatae
557 4409 684 4473 cellulae
707 4409 839 4472 lineares
863 4408 1141 4493 clrloroplryllosae,
1165 4409 1309 4474 laterales
1334 4411 1476 4478 dilatatae
1495 4411 1519 4486 lp

370 4511 459 4580 linae.
504 4513 609 4578 Floras
638 4513 769 4578 moneici
799 4521 830 4576 et
852 4512 962 4594 diolci,
996 4512 1119 4576 masculi
1147 4511 1393 4595 gemmiiormes.
1438 4517 1536 4594 cuper
