3238 5352
861 375 995 430 Praelatio.

329 551 427 634 posita
449 569 566 633 panaro
588 550 625 614 ad
649 551 822 632 subponere
843 549 969 632 reduxi,
1003 551 1078 618 olias
1102 551 1256 616 nutrirales
1278 551 1444 632 sectiones,
1472 551 1543 614 imo

330 674 451 756 species
473 673 610 759 singulas
634 671 671 736 ad
693 675 816 754 umeris
831 671 957 756 madum
973 673 1078 756 extuli,
1102 673 1241 738 tribubus
1256 673 1423 739 secundum
1447 673 1542 736 ordi-

330 814 399 859 nem
423 803 548 860 naturae
570 797 711 878 [emilius
732 795 860 880 subjeci,
884 813 962 880 quae
985 797 1022 860 ab
1045 797 1093 876 iis,
1117 799 1167 880 qui
1190 796 1360 880 frequentia
1385 815 1543 878 ponerem

330 920 452 984 nomina
475 917 729 1002 perhorrescunt,
760 925 794 980 ut
825 938 941 1000 persero
963 919 1152 984 considerari
1174 927 1309 1002 possunt.
1355 917 1414 982 Sed
1438 933 1543 999 spero

330 1041 397 1106 lore
418 1049 453 1106 ut
474 1041 556 1120 olim,
579 1041 719 1106 omnibus
736 1041 795 1103 iliis
817 1049 886 1105 octo
909 1041 1039 1106 millibus
1063 1050 1095 1106 et
1117 1041 1193 1106 ultra
1217 1043 1387 1106 dioscorum
1411 1041 1542 1123 specic-

330 1165 399 1246 bus,
423 1182 500 1246 quoe
524 1170 634 1228 terram
656 1162 808 1242 incolunt,
832 1163 911 1228 bene
933 1166 1082 1250 cognitis,
1107 1182 1252 1228 numerus
1274 1184 1418 1246 penarum
1441 1183 1458 1226 a
1485 1183 1543 1228 nne

332 1303 393 1350 non
426 1287 493 1350 sine
525 1285 664 1368 periculo
695 1286 867 1368 propositus
900 1303 961 1349 non
990 1287 1100 1349 nimius
1131 1303 1203 1349 esse
1235 1286 1381 1351 videatur.
1427 1284 1542 1348 Genus

332 1411 428 1488 enim,
462 1424 530 1472 meo
555 1425 669 1488 sensu,
703 1407 882 1492 aggregatio
915 1407 1086 1490 specierum
1121 1415 1169 1473 est
1200 1427 1278 1492 quae
1308 1415 1367 1471 tam
1392 1425 1540 1491 magnam

332 1534 413 1596 inter
434 1549 470 1594 se
492 1530 717 1595 similitudinem
742 1531 885 1596 exhibent
913 1539 945 1593 ut
974 1549 1013 1594 cx
1045 1531 1152 1596 eadem
1177 1531 1273 1596 iormn
1301 1530 1398 1612 typica
1422 1536 1538 1592 anone

333 1653 491 1718 videantur
520 1659 620 1735 (γένος
651 1654 738 1737 origo
767 1672 806 1716 ex
833 1653 940 1716 eadem
971 1655 1173 1736 generatione
1205 1657 1338 1737 prompt,
1373 1653 1539 1734 primoque

334 1777 441 1840 intuitu
458 1765 462 1773 ’
479 1797 636 1857 repperere
673 1773 852 1838 habeantur.
898 1773 1000 1849 Qualis
1038 1783 1138 1838 nutem
1170 1783 1219 1838 cst
1255 1773 1421 1838 similitudo
1459 1791 1540 1856 syn-

334 1899 474 1984 genetico
505 1900 585 1961 inter
619 1897 829 1962 Burtrumiam
864 1898 1039 1960 stabuletum
1079 1905 1110 1961 ct
1147 1895 1333 1961 Brentelinm
1368 1903 1542 1960 armentum

334 2029 365 2084 et
387 2021 467 2085 inter
488 2019 565 2084 bano
587 2027 618 2084 et
641 2019 906 2084 Bortromiduiont
936 2019 1080 2098 Witaoni,
1115 2019 1212 2103 qualis
1245 2019 1325 2084 inter
1350 2019 1540 2082 Tbumnium

335 2141 533 2225 alopecurom
554 2149 586 2206 ct
601 2141 769 2206 Nerienem
783 2149 964 2223 pennatum,
989 2141 1272 2222 Cylindrotlaecium
1295 2142 1542 2206 clodorrliisnns

335 2265 415 2330 inter
438 2273 469 2329 et
492 2263 717 2346 liedaoipidium
739 2263 873 2328 imberbe
896 2283 923 2326 c.
948 2279 972 2327 a.
997 2260 1047 2346 pl
1092 2263 1194 2328 Genus
1223 2269 1292 2346 (pro
1324 2263 1541 2328 subdivisione

334 2387 502 2468 rubpenus)
524 2385 647 2450 ultimus
670 2385 819 2450 terminus
843 2385 1023 2450 divisionum
1047 2393 1106 2466 est,
1132 2393 1163 2450 et
1178 2388 1205 2450 si
1221 2403 1272 2449 res
1289 2386 1378 2450 aliter
1393 2385 1542 2450 delinitur

334 2507 475 2572 conlusio
498 2509 528 2572 in
553 2507 694 2572 melbodo
718 2515 779 2572 tota
802 2509 907 2574 oritur.

425 2629 540 2694 Paucos
563 2627 751 2694 solummodo
773 2639 915 2696 auctores
939 2649 994 2714 pro
1009 2632 1185 2713 synonymis
1200 2629 1329 2712 laudavi,
1352 2631 1420 2714 quin
1436 2631 1544 2715 legem

337 2753 405 2818 inulti
429 2753 558 2836 imposui
590 2761 623 2816 ut
656 2771 711 2816 eos
746 2753 830 2816 solos
862 2755 1050 2816 nominarem
1083 2769 1161 2835 quos
1185 2752 1328 2832 casdem,
1361 2770 1436 2835 quas
1458 2755 1543 2835 ipse,

337 2875 451 2958 plantas
483 2873 660 2939 describere
693 2873 763 2938 mibi
795 2891 974 2958 persuasum
1006 2875 1161 2939 haberem.
1208 2875 1388 2958 synonymis
1419 2893 1497 2956 quae
1522 2897 1543 2940 e

336 2995 421 3060 libris
445 2997 571 3062 aliorum
603 2997 821 3060 exscribuntur
843 3015 965 3080 semper
993 2997 1104 3080 aliquid
1136 2997 1244 3061 incerti
1274 2996 1429 3074 inbueret3
1462 2995 1543 3060 liber

338 3119 402 3204 ipsc
427 3120 596 3184 nominibus
620 3121 757 3184 obruitur
780 3121 946 3183 innumeris
970 3137 1025 3202 pro
1048 3137 1155 3202 magna
1179 3125 1264 3204 pnrte
1280 3117 1428 3194 inanibus,
1451 3115 1538 3178 volu·

338 3259 467 3326 meoque
490 3241 635 3307 inutiliter
659 3242 852 3308 increscitur.
897 3242 955 3316 Oui
977 3259 1144 3324 synonyma
1174 3242 1219 3304 sic
1248 3237 1326 3302 dicta
1350 3235 1537 3318 desiderant,

339 3383 476 3450 magnam
500 3381 606 3429 eorum
629 3367 745 3449 copiam
769 3365 800 3428 ln
824 3363 952 3428 Bnromn
982 3369 1014 3427 ct
1045 3363 1171 3429 aliorum
1200 3361 1344 3445 operibus
1372 3359 1540 3426 invenient.

428 3483 475 3549 Ad
492 3485 581 3551 linem
598 3485 738 3551 omnibus
755 3487 816 3552 illis
833 3487 1013 3566 fautoribus,
1030 3485 1081 3569 qui
1098 3505 1115 3550 e
1132 3485 1348 3550 diversissimis
1363 3483 1543 3566 regionibus

342 3607 451 3673 lluscls
475 3609 544 3673 mibi
562 3609 662 3672 missis
678 3611 877 3693 consiliisque
904 3627 951 3674 ne
968 3609 1157 3694 adjuverunt,
1182 3607 1325 3672 maxianus
1342 3623 1399 3692 ago
1415 3606 1539 3689 gratias,

341 3749 456 3815 cosque
473 3741 597 3816 rogatos
615 3747 686 3796 esse
705 3735 810 3815 velim,
833 3741 866 3797 ut
887 3733 976 3797 etiam
1000 3731 1197 3796 ulterioribus
1221 3725 1542 3795 communicationibus

341 3853 452 3937 aliquid
476 3856 644 3938 perlectius
668 3872 864 3939 componere,
889 3855 1051 3938 praecipue
1075 3854 1105 3916 in
1127 3859 1213 3936 parte
1234 3845 1541 3936 bryo-geographica,

344 3973 516 4040 laenitatem
534 3977 604 4040 mibi
628 3975 770 4058 oderant,
795 3984 885 4062 etque
908 3993 986 4060 quos
1009 3991 1133 4038 errores
1151 3981 1208 4039 tam
1233 3973 1262 4037 in
1286 3971 1542 4058 descriptionibus

342 4115 443 4182 quam
462 4099 492 4163 in
527 4101 702 4182 mnonymis
736 4099 924 4176 detexerint,
962 4113 1019 4160 eos
1053 4093 1258 4181 corrigendos
1281 4103 1312 4158 ot
1336 4097 1364 4158 ln
1387 4101 1541 4177 posterum

343 4221 480 4286 nendos
504 4221 573 4286 mibi
598 4221 731 4306 benigne
755 4219 940 4305 significent

412 4363 573 4432 Argentorati
593 4363 635 4414 dio
658 4361 696 4414 ts.
716 4357 849 4413 Februarii
873 4357 950 4410 isso.

992 4535 1064 4604 W.
1090 4533 1172 4602 Pte.
1197 4529 1456 4610 untmpce.
