3310 5368
642 391 805 460 llypnsessa.
1260 391 1322 454 wi

119 570 200 631 luteo
238 567 463 654 subobsceno,
502 565 612 630 annulo
645 561 812 632 latiusculo.
857 568 1064 632 Peristomium
1103 570 1323 652 praecedentis.

120 671 216 754 llryol.
241 689 311 736 eur.
335 673 371 752 V,
395 669 465 734 Tab.
482 667 554 734 509.

119 793 196 876 llpp.
224 795 384 858 recreate·
415 792 502 855 caule
535 801 663 876 repente
696 791 825 856 filiiormi
857 811 994 874 ramoso,
1035 795 1114 858 loliis
1145 797 1320 863 lanceolatis

248 897 349 962 acutis
382 897 590 980 integerrimis
627 899 826 960 uninervibus
861 899 953 980 laxis,
992 902 1137 982 operculo
1170 901 1319 968 subulato.

248 1005 339 1069 Saura
360 1003 439 1066 l'lor.
463 1001 535 1064 Brit.
557 1001 605 1082 lll‚
628 1021 655 1084 p.
682 999 774 1066 1291.

157 1109 276 1172 maen
300 1107 342 1170 Fl.
366 1105 432 1168 llib.
477 1105 557 1169 Baro.
581 1105 680 1186 Brpol.
706 1107 784 1169 univ.
818 1106 1160 1190 nosocomorum.
1192 1111 1225 1174 G.
1241 1112 1317 1176 llbe-

244 1231 301 1276 rrm
325 1211 451 1294 Synops.
1247 1230 1249 1234 ·

112 1317 193 1398 llpp.
218 1319 400 1382 intricatum
421 1313 520 1376 Dacus.
545 1313 630 1378 Fasc.
654 1321 749 1396 crypt.

112 1423 193 1504 llpp.
217 1421 411 1486 Soblolcberi
432 1427 461 1483 et
483 1422 636 1483 littoream
665 1419 710 1481 De
733 1418 842 1482 Nornn.
873 1419 963 1482 blant.
989 1427 1019 1482 el
1042 1419 1111 1503 Syll.
1137 1421 1230 1486 ldusc.
1253 1423 1316 1488 ltal.

110 1526 147 1588 ll.
170 1528 344 1608 aipiclotom
365 1524 461 1604 Bauer
483 1531 533 1586 mt.
578 1523 616 1586 Η.
639 1526 788 1606 Jucpas'ni
810 1523 971 1590 Ganovnec.
990 1533 1039 1588 mt.
1063 1526 1218 1607 especim.
1236 1536 1313 1590 auct.

111 1631 190 1712 llpp.
218 1629 394 1713 Teneriffoe
416 1629 574 1692 nemnem
596 1627 671 1690 llist
703 1636 761 1692 not
786 1628 813 1694 d.
837 1628 896 1690 lles
932 1629 1038 1693 Canar.
1071 1646 1125 1710 par
1159 1630 1250 1692 Wna
1283 1639 1314 1694 et

244 1735 427 1814 Bsnraasor3
450 1732 550 1814 Grypt.
573 1750 601 1813 p.
625 1730 677 1810 31,
700 1731 757 1796 tsb.
780 1731 826 1796 lll.
849 1751 868 1794 e
891 1733 1004 1814 specim
1026 1741 1103 1798 auct.

109 1839 301 1920 libpncbost.
327 1839 479 1902 l'eesdob's'
501 1837 551 1898 Bn.
576 1843 607 1898 et
629 1837 694 1900 Sca.
717 1835 819 1918 Bryol.
841 1853 908 1898 eur.
930 1838 949 1899 l.
973 1855 998 1902 e.

197 1962 305 2026 flabit.
328 1960 365 2024 ad
381 1979 454 2023 saxa
468 1957 587 2022 humida
604 1959 788 2040 praesertim
804 1977 895 2022 secus
912 1959 1026 2023 rivulos
1044 1959 1125 2023 etad
1143 1965 1311 2024 cataractas

108 2067 247 2148 regionis
272 2065 470 2146 campestris,
502 2083 557 2146 per
585 2082 693 2128 zonam
727 2061 954 2128 meridionalem
988 2072 1078 2146 atque
1101 2062 1310 2126 intermediam

108 2170 283 2250 sporadice,
307 2169 459 2251 copiosius
481 2187 536 2250 per
558 2169 674 2231 insulas
697 2165 878 2247 britanicum
915 2185 1009 2250 prope
1032 2168 1167 2230 Muttocla
1189 2168 1309 2232 Scotiae

107 2275 156 2335 ubi
180 2275 333 2337 lbasonse
357 2273 483 2352 detexit,
506 2273 536 2333 in
559 2272 787 2354 Cambrovallia,
806 2273 959 2352 llibernia,
985 2273 1125 2336 comitatu
1147 2273 1309 2338 lealslta're

106 2378 157 2450 (cl.
181 2379 334 2459 Wrason),
358 2359 388 2440 in
413 2376 569 2458 Sardiniae
594 2379 697 2440 Monte
718 2384 808 2439 sento
843 2376 1042 2457 pulcherrime
1078 2377 1139 2449 (Fa.
1166 2377 1306 2459 Mbuaea),

106 2481 134 2542 in
159 2482 287 2546 Austris
310 2481 455 2545 interiore
472 2498 564 2562 prope
581 2480 749 2544 llornboclr
766 2478 989 2558 (Ganovnosro),
1013 2481 1044 2542 in
1061 2479 1142 2544 saxis
1158 2483 1307 2544 arenariis

105 2585 245 2652 irroratis
270 2605 364 2669 prope
387 2585 543 2667 bipontem
567 2585 709 2665 (Bacca),
734 2584 771 2646 ad
797 2583 904 2665 pedem
929 2571 976 2646 ms
990 2586 1101 2648 Selene
1124 2584 1175 2648 dit.
1201 2585 1306 2650 Gene-

104 2694 208 2755 vensis
233 2691 274 2768 (l.
302 2693 444 2768 norma),
476 2689 512 2752 ad
537 2705 608 2752 saxa
638 2688 756 2753 humida
788 2688 866 2750 horti
889 2687 1126 2772 burdegalensis
1156 2691 1305 2772 (Denuo),

103 2795 168 2875 lpse
192 2796 230 2860 ad
255 2815 329 2860 saxa
353 2795 408 2858 sub
432 2801 524 2877 ponte
545 2794 615 2875 pagi
631 2794 796 2856 lllontrono
818 2793 854 2854 ad
872 2792 1035 2857 Lemonum
1059 2793 1120 2878 legi
1144 2796 1228 2858 etin
1251 2815 1304 2860 ex-

105 2902 310 2966 creationibus
343 2900 459 2981 rupium
491 2898 527 2960 ad
565 2897 663 2960 tontes
695 2895 724 2958 d.
757 2898 875 2960 Arenae
911 2897 1030 2960 lurassi
1068 2900 1301 2964 neooomiensis.

102 3001 147 3066 lla
170 3005 299 3090 Alperio
322 3003 359 3067 cl.
382 3003 492 3066 Donum
515 3002 628 3080 retulit,
653 3020 691 3064 ex
715 3002 810 3064 insula
837 3002 989 3086 Teperiffa
1012 3005 1047 3068 cl.
1072 3004 1171 3065 Wcsa.
1268 3051 1271 3060 .

189 3111 296 3174 Fract.
319 3116 430 3171 monta.
454 3114 623 3170 aucturnno.

170 3229 345 3300 Distinguitur
368 3246 383 3280 a
408 3229 578 3296 praecedente
602 3227 680 3280 simili
702 3227 851 3295 caespitulis
880 3228 945 3280 laxis
975 3229 1041 3282 baud
1070 3230 1175 3282 seducis
1201 3248 1299 3300 opaco-

101 3317 244 3384 uiridibus,
270 3317 339 3370 loliis
357 3315 473 3385 rigidulis
491 3314 653 3368 brevioribus
672 3317 753 3367 minus
772 3317 909 3384 confertis,
938 3316 1058 3384 capsulae
1077 3316 1210 3371 olivsceae
1230 3321 1300 3387 pedi-

82 3404 169 3474 ¹cello
188 3415 350 3473 exasperato.

444 3527 522 3590 Sect.
545 3525 604 3588 ΙΙΙ.
650 3527 715 3588 ltt.
741 3527 958 3607 depressa.

191 3666 290 3731 llollla
314 3665 690 3747 depresso-campitanno,
715 3664 793 3727 loliis
816 3665 972 3728 latioribus
995 3665 1133 3752 oblongis
1157 3669 1297 3734 tenuibus

101 3773 265 3850 emutatis,
298 3769 422 3835 boribus
445 3769 568 3850 diuinis,
601 3769 741 3872 capsulae
765 3768 915 3852 pedicello
939 3769 1022 3834 laevi.

433 3943 460 4012 b
490 3943 759 4026 lllynelosteplun
782 3945 964 4025 depressum.

498 4084 562 4152 Hyp.
581 4085 730 4152 depressum
753 4083 836 4138 Bacca
855 4094 896 4137 mt.

187 4205 344 4288 Gaespites
366 4207 453 4271 valde
477 4207 633 4290 depressi,
658 4215 784 4286 mneos,
819 4207 1001 4288 mollissimi,
1031 4209 1238 4290 smaragdino·
1263 4218 1295 4272 et

101 4311 353 4391 aureo-virides,
392 4330 544 4376 ramorum
581 4311 821 4376 extremitatibus
860 4313 1037 4376 nitidissime
1075 4311 1292 4378 latescentibus

100 4414 432 4499 latescenti-variepati,
456 4418 485 4480 in
510 4418 617 4499 apricis
640 4418 842 4481 rutescentos.
887 4417 966 4480 Folia
990 4416 1129 4479 bilariam
1146 4416 1292 4499 depressa

101 4521 198 4584 rarius
221 4519 432 4603 subsecanda,
456 4522 608 4602 conferta,
641 4520 874 4603 orato-oblonga
897 4521 1031 4584 breviter
1054 4503 1220 4586 acuminat‘a
1243 4526 1290 4589 vel
