3238 5352
567 411 732 467 Introductis.
1140 407 1249 464 mni

83 585 219 668 mute,
251 586 282 650 in
304 585 430 652 lucinius
452 584 484 668 8,
513 583 562 668 16,
586 583 639 669 32,
666 583 708 651 ou
730 583 920 666 dissolvitur,
952 603 1031 667 quus
1062 583 1188 650 laciniae
1210 583 1249 650 olt

82 689 229 754 solidiorem
263 709 349 754 sunm
388 698 569 755 stmrcturnm
603 692 707 755 dmtes
738 697 894 755 vocentur.
950 689 1160 754 Peristomium
1191 690 1250 757 lroo

82 793 151 857 nodo
176 794 364 860 eunrmatmn
392 795 505 860 nomini
527 797 649 860 octeni
669 795 852 877 respondet,
882 793 951 876 quia
974 812 992 856 c
1016 793 1132 856 tructus
1155 811 1249 856 mom·

83 897 152 970 luna
173 907 315 981 exterus,
342 919 382 963 ex
403 901 468 983 ipsa
491 899 611 983 capsula
633 899 779 982 procedit.
817 899 1027 961 Peristomium
1051 896 1179 979 simplex
1200 915 1250 958 ra·

85 1005 177 1066 rissime
202 1005 266 1083 (vel
290 1001 482 1087 nunquami)
504 1022 522 1066 e
545 1005 700 1086 sporangii
723 1003 896 1067 membrana
919 1003 1032 1082 oritur,
1057 1010 1088 1064 et
1111 1021 1177 1064 cum
1200 1019 1249 1064 re-

83 1125 132 1169 rers
142 1110 287 1172 mmmm
303 1111 355 1190 sit,
373 1109 492 1172 externi
506 1106 674 1170 rudimenta
691 1125 758 1170 cum
775 1108 919 1189 operculo
936 1105 1110 1191 cilugientia
1127 1122 1249 1186 semper

82 1211 129 1274 tere
153 1215 367 1295 reperiuntur,
402 1222 434 1278 ut
456 1213 486 1276 in
510 1211 707 1275 Bumbosmio
740 1213 866 1294 oplplto
897 1218 927 1274 et
949 1211 979 1273 iu
1002 1211 1171 1293 Diplpsm
1194 1225 1250 1272 suo

81 1315 130 1378 loco
157 1317 442 1383 demonstravimus.
496 1317 609 1380 luterni
640 1317 819 1398 peristomii*
845 1316 971 1380 laciniae
1005 1333 1022 1378 e
1052 1313 1250 1397 productione

79 1422 202 1506 porsugii
225 1431 318 1486 ortae
342 1425 487 1486 citiorem
508 1421 557 1484 vel
576 1439 778 1503 mocessaom
800 1421 922 1484 nominc
945 1419 1159 1504 designantur3
1183 1435 1251 1480 curu

79 1526 143 1588 anio
170 1525 280 1591 dsunt
312 1528 520 1610 peristomium
551 1527 665 1608 dispice
692 1533 827 1587 vocatur.
878 1525 1087 1587 Peristomium
1119 1522 1251 1605 quadru-

82 1629 144 1708 plex,
168 1650 184 1692 c
205 1632 325 1713 triplici
355 1639 484 1694 externo
514 1635 545 1691 et
572 1647 590 1692 c
613 1629 739 1711 simplici
768 1629 888 1691 interno
911 1627 1110 1707 efformatum,
1134 1627 1166 1690 in
1187 1625 1253 1690 solu

86 1731 244 1798 dammim
268 1735 515 1817 (Polpodontio)
537 1733 697 1797 indusiato
719 1732 815 1796 adlruc
837 1734 1030 1797 observatum
1053 1739 1110 1796 est.

144 1839 314 1904 Peristomii
335 1839 457 1902 externi
481 1838 599 1918 dentes,
623 1839 672 1901 vel
695 1837 732 1900 ad
756 1838 895 1920 capsulae
912 1836 1069 1918 orificium,
1092 1837 1141 1899 vel
1162 1833 1251 1914 inira,

80 1941 113 2002 rel
137 1961 218 2024 supra
251 1945 416 2024 oriuntur3
451 1961 541 2025 supra
573 1941 718 2005 orificium
750 1951 913 2005 noscentes
936 1942 1109 2005 membrana
1131 1939 1254 2003 basilari

76 2045 126 2126 plo
151 2049 245 2112 miuus
278 2047 362 2127 lata,
394 2047 576 2130 pindoque
599 2046 752 2110 tulitormi
783 2055 815 2109 ut
837 2047 867 2108 in
890 2045 1252 2128 Barbatio-Syntriclsiis,

76 2151 278 2233 coadorantur3
308 2153 341 2214 in
365 2151 466 2214 miultis
488 2151 553 2214 aliis
577 2153 689 2213 muscis
712 2171 760 2213 ex.
777 2169 823 2233 gr.
847 2152 878 2213 in
894 2150 1054 2233 Bryoccis,
1077 2149 1254 2232 Hypnocsis

73 2252 140 2319 insin
161 2275 271 2320 versus
300 2255 453 2318 dilatatam
477 2255 663 2318 continentes
685 2257 919 2337 conspiciuater.

140 2361 252 2425 Dentes
284 2377 372 2424 nuno
393 2361 546 2442 simplices
574 2377 654 2424 nuuc
676 2363 839 2442 compositi
860 2367 939 2425 sunt.
986 2359 1149 2442 compositi
1171 2375 1252 2422 seru·

72 2479 152 2542 pore
180 2465 311 2530 duobus
342 2464 392 2528 vel
424 2482 442 2526 e
471 2471 599 2546 quatuor
629 2463 827 2527 ollormantur
856 2463 997 2528 dentibus
1028 2463 1149 2528 sibimet
1178 2463 1253 2546 ipsis

72 2577 157 2632 erate
177 2571 349 2649 similibus,
373 2588 430 2651 qua
454 2567 492 2630 de
515 2587 550 2632 re
573 2570 722 2651 ganinati
743 2576 774 2632 et
796 2569 973 2651 bipenninoti
987 2576 1140 2632 vocantur.
1172 2566 1253 2629 lien·

71 2679 108 2734 tes
132 2673 256 2758 lnjusce
296 2673 426 2757 generis
458 2674 637 2756 plenumque
670 2681 769 2738 aetate
806 2673 1019 2756 disjunguntur
1050 2673 1090 2735 its
1122 2679 1155 2735 ut
1186 2672 1254 2735 loco

72 2778 143 2840 mins
163 2779 266 2843 dentis
309 2777 387 2842 duos
409 2779 459 2840 vel
492 2785 639 2861 quatuor,
673 2779 801 2842 binatos'
817 2785 847 2840 et
869 2784 1084 2860 quaternatas,
1118 2777 1254 2839 invenias

71 2881 245 2964 limena,
280 2883 534 2961 Ortlotriclom‚
557 2883 771 2963 Splnclrnom).
816 2881 908 2944 Linea
932 2901 990 2963 qua
1013 2880 1121 2944 derrtes
1143 2879 1255 2964 singuli

71 2987 257 3053 munietur
281 2987 338 3050 vel
362 2986 533 3051 dividuntur
554 2987 675 3050 nomine
699 2987 892 3050 divisoriciis
914 2985 1101 3068 designatur.

138 3095 233 3168 Ouum
259 3092 305 3158 ad
337 3091 464 3156 sormam
496 3099 587 3174 atque
621 3089 856 3173 magnitudinem
885 3089 1033 3172 respicias
1065 3097 1125 3154 tarn
1153 3091 1255 3154 vomas

72 3211 112 3258 ess
129 3200 269 3281 reperies
311 3215 400 3279 quam
423 3197 542 3279 species
570 3195 680 3259 dantur
702 3211 883 3258 muscorum.
930 3194 1113 3258 Lonceotots'
1134 3202 1204 3258 sunt
1225 3195 1256 3256 in

75 3317 142 3378 pm,
164 3301 386 3379 omnem,
409 3301 599 3383 Zypodontc,
622 3299 779 3381 Sploelno
802 3317 830 3360 e.
854 3317 902 3378 a,
926 3299 1257 3380 elongato-iunceoluti

78 3403 122 3482 tiu
139 3409 309 3490 minusque
333 3405 483 3488 spiculati,
507 3405 537 3466 in
561 3403 729 3486 Bryoesis,
753 3403 947 3484 llppnoceis;
969 3405 1093 3467 lmicoti
1113 3404 1144 3466 in
1169 3404 1256 3484 Top-

79 3505 164 3590 imae,
187 3509 469 3586 Damotodontis,
493 3509 667 3572 Fontinotis
690 3508 870 3590 speciebus,
892 3508 1052 3590 fitisomnes
1074 3508 1104 3572 in
1127 3507 1256 3571 Barbu-

76 3609 219 3690 l'tmultis
247 3613 492 3693 rrictostomm
515 3614 650 3678 minimi
672 3613 702 3675 in
718 3613 926 3690 ltoccrns'tsiis,
950 3612 1100 3676 nonnullis
1125 3613 1257 3677 l'riclso·

73 3721 172 3793 Μῦς
201 3719 481 3804 Επρυὶαιίοτηιεε,
510 3718 541 3780 iu
574 3717 831 3800 Polytricloceis,
865 3719 1000 3780 truncati
1027 3718 1058 3780 in
1086 3717 1257 3782 lintostlso-

73 3819 145 3885 tona
161 3825 366 3905 fasciculam,
390 3824 421 3885 iu
451 3823 562 3885 Wcisio
591 3823 806 3885 ll'imnten'ono
829 3840 856 3882 c.
881 3842 907 3886 a.

139 3927 349 4014 longitudine
374 3943 435 3988 non
459 3927 558 3990 minus
582 3927 697 3989 variant
719 3945 808 4007 quarn
832 3925 944 4007 lorme3
977 3925 1086 3988 dentes
1109 3927 1189 3991 enirn
1211 3926 1256 3990 in·

74 4031 211 4098 veniuntur
247 4033 303 4116 qui
327 4031 379 4094 rix
401 4047 493 4112 supra
515 4032 653 4114 capsulae
676 4030 826 4094 oriiicium
849 4031 1003 4110 emineat,
1036 4031 1086 4096 alii
1115 4032 1166 4113 qui
1188 4049 1257 4113 cap·

76 4133 142 4197 talne
161 4137 366 4224 longitudinis
391 4143 543 4218 quartm,
578 4135 729 4199 dimidiam
752 4143 868 4217 partem
892 4143 923 4198 ct
945 4135 1024 4199 ultra
1046 4142 1190 4218 aequant,
1226 4135 1257 4199 in

80 4237 207 4319 inglorio
228 4241 440 4326 splaclnoide
462 4247 553 4304 totam
578 4240 644 4304 iere
666 4240 883 4324 longitudinem
907 4241 1065 4324 attingunt

143 4345 260 4412 Dentes
277 4347 396 4429 integri
409 4352 492 4426 sunt,
510 4351 542 4408 ut
556 4346 587 4408 in
603 4345 778 4427 spinalensis,
802 4345 1016 4423 Ortlotriclsis‚
1039 4344 1144 4426 Brun,
1166 4344 1257 4426 lipp-

84 4447 117 4508 ἡ
134 4469 159 4513 e
180 4473 220 4516 m.
243 4471 293 4533 a.;
316 4453 355 4516 ud
382 4450 513 4514 medium
535 4467 633 4532 usque
657 4450 751 4530 bifidi,
775 4455 807 4512 ut
828 4450 858 4512 in
881 4451 1039 4527 Dios-anis,
1061 4449 1257 4528 Dicrnnellia

85 4547 301 4636 dissidentibus,
337 4557 548 4637 Lcacobryis,
579 4554 614 4618 ud
649 4555 735 4619 husin
767 4573 864 4636 usque
897 4563 928 4618 ut
957 4555 988 4616 in
1020 4554 1257 4635 Ptyclornitrs'is,

140 4667 278 4724 ὅσιιιπι,
297 4669 417 4724 Synpsls.
1085 4657 1103 4710 ³
