3106 5370
507 387 647 457 llrpaceaa.
1109 387 1174 450 Wl

5 565 161 645 ruminata,
186 564 287 628 omnia
310 563 446 646 margine
468 564 620 643 revoluta,
646 563 761 645 apicem
784 581 895 626 versus
918 571 1006 630 acute
1029 567 1174 649 mucan,

5 679 61 732 osta
88 669 183 733 aalide
206 671 238 732 in
269 668 426 751 cuspidem
457 669 577 752 longam
609 676 727 732 remote
755 667 967 734 denticulatam
995 671 1176 740 excedente.

4 775 104 858 apsula
128 772 316 857 subpondula
339 781 370 837 et
398 773 527 855 pendula
556 774 704 836 obovato·
735 773 784 836 vel
817 773 1174 859 obconico-pyrilormis,

4 879 142 962 eguistis,
177 879 258 940 sicca
288 877 345 940 sub
376 895 431 942 ore
459 884 627 958 coarctata,
663 877 756 940 lusca.
803 875 986 961 Oparculum
1020 899 1173 966 maguum,

6 993 33 1046 te
55 1003 227 1048 convexum
249 983 363 1046 minute
386 982 573 1064 apiculatum.
604 981 743 1046 Annulus
766 982 845 1048 letus
868 983 1054 1048 revolubilis.
1092 987 1174 1050 Peri·

4 1090 71 1150 omit
95 1105 264 1170 processus
287 1089 317 1149 in
339 1088 441 1150 carina
463 1089 630 1171 interrupte
645 1087 775 1167 hiantes,
798 1089 866 1152 cilia
882 1089 981 1152 binata
997 1096 1029 1152 et
1043 1097 1172 1172 ternate,

4 1196 94 1280 ngius
119 1193 276 1276 spiculata.
324 1193 438 1274 Sperne
460 1192 769 1277 viridi-lemugineae.
800 1192 849 1258 Br.
865 1211 930 1256 eur.
946 1193 995 1274 lV,
1012 1194 1082 1258 Tab.
1098 1193 1172 1260 357.

2 1339 23 1378 r.
47 1317 225 1379 mictum
247 1315 332 1380 caule
356 1316 412 1378 sub
429 1316 544 1396 apicem
560 1315 745 1380 ramidcanta
760 1314 950 1399 flagelliiero,
973 1315 1052 1380 loliis
1070 1324 1171 1384 ovato-

102 1419 281 1484 lanceolatis
304 1420 480 1484 acuminatis
504 1419 667 1501 cuspidatis
695 1421 902 1505 integerrimis
933 1421 1067 1499 strictis,
1103 1442 1172 1507 cap·

101 1525 171 1588 snla
196 1523 344 1606 pendula,
381 1524 526 1607 operculo
555 1542 696 1589 convexo
719 1525 895 1592 acuminato.
941 1526 1083 1592 lloanscn.
1106 1527 1170 1596 Bet.

99 1630 181 1694 Zoit.
209 1626 301 1694 1819.

8 1737 90 1800 Brun.
120 1736 227 1818 Bryol.
250 1736 329 1800 univ.
373 1734 423 1800 Ba.
447 1742 477 1797 et
500 1735 565 1798 Son.
596 1733 695 1816 Brpol.
726 1751 790 1800 eur.
836 1733 868 1798 0.
893 1733 1009 1799 lituum
1040 1736 1169 1822 Synops.

98 1841 216 1906 flora
240 1837 349 1904 Skand.
372 1838 413 1903 Fl.

48 1967 163 2030 liubit.
189 1963 264 2027 locis
275 1961 402 2025 humidis
415 1961 630 2045 subuliginosis
642 1962 779 2044 regionis
788 1961 916 2044 alpinae,
931 1963 1167 2046 septentrionem

2 2091 71 2135 rsus
98 2069 303 2152 campestris:
327 2069 451 2151 copiose
474 2066 634 2131 observavi
657 2068 688 2130 in
711 2084 827 2131 summo
842 2067 1031 2132 Rodrtadter
1047 2071 1170 2134 Panem

1 2197 56 2260 ope
82 2179 159 2240 dcnr
179 2173 391 2252 Tomitana,
416 2173 465 2236 ubi
488 2169 596 2236 iisdem
618 2171 694 2236 locis
715 2175 855 2256 provenit
870 2191 905 2236 ac
920 2174 1170 2238 libododcadron

0 2285 226 2358 narcissus,
257 2278 334 2341 inira
365 2277 478 2363 glacies
510 2276 650 2342 Bermion
678 2278 763 2342 vallis
786 2279 948 2360 Enpodin,
982 2277 1021 2342 ad
1042 2278 1168 2342 mmmm

2 2387 171 2470 giaciebus
195 2391 303 2448 antem
324 2383 541 2464 Aorpletscber
564 2381 745 2445 defluentem
768 2381 969 2464 pulcherrime
985 2382 1168 2465 caespitibus

11 2513 49 2578 ge
75 2494 211 2573 lateque
237 2488 380 2568 extensis,
404 2488 435 2550 in
458 2507 495 2550 m.
513 2487 625 2550 Albula
647 2493 679 2549 et
701 2489 848 2568 Splttpsa,
872 2489 903 2550 in
926 2505 964 2550 m.
988 2489 1169 2570 Dooresjcld
1204 2494 1207 2503 '

1 2599 136 2682 rregiae
162 2614 194 2657 e.
219 2612 246 2656 a.
269 2593 303 2672 1.;
333 2609 426 2675 prope
457 2591 635 2655 Wrssnieaeo
658 2590 708 2658 dit.
732 2593 912 2676 regiomont.
935 2593 1001 2670 (Dr.
1025 2612 1042 2657 a
1065 2591 1166 2656 Karno-

46 2716 67 2780 ),
92 2719 202 2784 prope
219 2699 392 2778 laidirdpiop
408 2695 444 2760 ad
461 2698 557 2760 lacum
576 2695 702 2760 chcrn
717 2697 900 2777 (Lrnuoauu),
916 2697 953 2764 ad
970 2698 1167 2762 llare÷album

24 2815 165 2882 srmon).

42 2917 157 2978 cht.
190 2917 301 2973 mator.
326 2909 362 2972 ad
386 2909 510 2972 aestatis
533 2908 631 2970 duem.

25 3037 144 3090 liediunr
166 3042 243 3086 tenet
254 3033 320 3084 inter
333 3033 382 3082 Bm
394 3029 586 3084 intermedium
599 3040 625 3082 et
640 3032 688 3081 Br.
701 3029 808 3096 dimum,
827 3027 865 3080 illi
879 3026 1034 3080 simillimum
1047 3028 1165 3081 loliorum

0 3143 35 3176 na
55 3135 142 3194 atque
167 3117 366 3184 reticulatione,
391 3117 450 3170 huic
469 3118 641 3186 magnitudine
660 3117 767 3170 maxime
787 3115 917 3180 variabili,
948 3115 1068 3186 capsulae
1088 3117 1166 3168 torma

6 3231 30 3264 »e
57 3209 250 3264 consistentia.
287 3205 361 3258 Locis
390 3205 466 3258 siccis
493 3204 587 3256 bumile
613 3204 688 3256 valde
720 3205 902 3258 condensatum
929 3206 1070 3272 reperitur3
1099 3203 1164 3256 locis

4 3301 62 3354 'dia
83 3298 132 3350 vel
155 3295 264 3365 aquosis
277 3304 365 3346 contra
377 3294 479 3356 elatius,
498 3291 598 3344 nnciale
612 3302 638 3344 ct
655 3292 784 3346 biunciale
797 3293 872 3346 valde
884 3309 1019 3346 ramosum.
1052 3290 1162 3360 Capaula

10 3406 54 3456 per
73 3393 182 3440 exacte
200 3384 362 3452 symmetrias
375 3383 444 3434 sicca
462 3381 510 3432 sub
522 3397 567 3434 ore
579 3391 708 3434 coarctata
720 3397 787 3433 nunc
800 3379 900 3450 longior
912 3389 960 3447 cat,
976 3396 1042 3433 nunc
1058 3379 1162 3432 brevior

13 3477 61 3528 ilr.
82 3469 347 3544 pertexendam!
370 3469 417 3521 ilr.
434 3469 497 3520 birni
515 3485 573 3520 var.
592 3468 744 3536 crepitanti,
764 3467 805 3520 vel
825 3471 874 3521 Br.
893 3467 1046 3536 caespitieir'
1064 3466 1164 3519 similis.

410 3645 454 3711 ld.
483 3643 590 3726 itrynn
611 3641 729 3711 binum.

394 3783 497 3838 scam.
517 3782 607 3852 spon.
626 3781 666 3835 rr.
685 3782 743 3851 upa.

41 3911 217 3993 caespites
242 3907 368 3970 humiles
390 3905 439 3969 vel
462 3907 603 3970 elatiores
636 3904 830 3968 mediocriter
858 3902 1054 3982 condensati,
1085 3901 1165 3966 radi·

6 4019 30 4078 is
54 4017 133 4078 ruiis
161 4013 334 4090 intertenti,
358 4030 490 4093 superne
513 4011 626 4074 virides
648 4009 698 4072 val
720 4009 862 4087 olivaoei,
893 4006 1011 4070 inlerno
1035 4006 1165 4070 rulo-vel

1 4123 275 4184 o-tasceseames.
321 4116 421 4180 Cauiis
445 4116 584 4180 bumilior
606 4113 738 4195 divisus,
762 4113 870 4178 elatior
892 4111 1164 4193 fastigiata-ramu-

1 4243 50 4306 us,
75 4241 187 4307 usque
211 4237 322 4286 versus
345 4221 459 4303 apicem
490 4217 877 4284 tomentosoradiculosus.
922 4213 1003 4277 Folia
1025 4215 1164 4277 semiam-

1 4332 152 4410 nioaulia,
182 4326 392 4406 decurrentia,
416 4326 528 4408 patula,
551 4334 652 4389 ovato·
676 4331 707 4388 et
729 4317 1056 4407 oblongo-lanceolata,
1080 4325 1165 4381 costa

15 4435 128 4498 edente
155 4431 440 4513 brevi-cuspidata,
475 4430 610 4512 margine
645 4429 736 4492 limbo
766 4435 895 4510 anguste
926 4423 1083 4488 reticulato
1106 4423 1163 4486 cir·

24 4543 117 4604 ducto
142 4537 277 4616 reflexa,
301 4551 418 4598 summo
441 4535 526 4617 apice
549 4543 676 4614 serrata,
699 4531 849 4614 proluude
865 4530 1163 4606 carinam-concava,
