3106 5370
518 369 658 437 liryaeaao.
1124 363 1188 426 859

6 549 189 608 rennuente
218 543 367 625 apiotdato
397 543 644 626 rulo-purpureo
676 539 865 605 nitidissimo.
911 537 1010 623 Bryol.
1041 559 1106 606 eur.
1136 541 1184 624 lv,

6 647 66 712 lab.
83 645 153 713 358.

6 769 47 834 ltr.
71 779 267 852 tmpueaaeas
295 768 326 832 G.
355 769 471 834 Monam
503 769 630 851 Synops.
676 741 811 832 llanmnn
843 765 953 832 strant.
976 765 1018 828 ll.
1063 765 1186 832 Wnson

121 873 223 956 Bryol.
246 873 317 940 Brit.
1173 909 1178 920 ·

79 997 183 1060 liubit.
201 997 238 1058 in
259 1005 342 1060 terra
365 1013 493 1059 arenosa
516 994 750 1075 humidiusaula,
779 992 816 1056 ad
840 1008 972 1076 aggeres
1000 992 1093 1074 inqua
1122 1011 1186 1056 mu-

6 1117 94 1162 rorum
117 1099 236 1163 fissuris
258 1118 354 1163 zonae
377 1099 593 1178 meridionalis,
618 1099 668 1162 ulti
690 1097 827 1180 uulgare,
850 1097 949 1160 rarius
972 1113 1069 1160 zonae
1092 1095 1185 1162 inter-

6 1205 108 1268 nediae
131 1211 164 1267 et
187 1205 446 1286 septentrionalis:
481 1206 510 1266 in
541 1221 627 1266 muro
659 1204 781 1284 antiquo
812 1201 927 1265 castelli
958 1201 1182 1284 argentinensis

5 1309 40 1371 abi
62 1310 100 1371 cl.
124 1309 232 1372 lismm
253 1327 332 1372 anno
360 1307 440 1373 1822
464 1311 578 1391 primus
601 1308 676 1391 legit
697 1314 729 1369 et
752 1306 808 1369 sub
831 1306 952 1368 nomine
974 1303 1028 1371 or.
1045 1305 1187 1371 obeoaiei

6 1415 81 1476 tenu.
108 1413 274 1497 divulgavit
296 1422 326 1476 et
348 1413 399 1477 ubi
421 1415 521 1476 serius
537 1414 603 1495 ipse
619 1411 794 1490 observavi3
819 1429 837 1472 e
854 1408 988 1474 Sardinia
1003 1409 1052 1473 oa.
1069 1409 1185 1474 Munna

6 1521 111 1600 opiose
142 1518 263 1601 revalit,
297 1521 329 1582 iu
360 1519 452 1600 sylvis
484 1519 641 1581 maritimis
673 1531 767 1600 prope
797 1515 960 1578 Massiliam
989 1515 1027 1579 cl.
1058 1515 1183 1580 Sanmn-

6 1623 115 1686 lnasra
137 1623 294 1688 ubertim
317 1624 432 1706 reperit
453 1631 542 1704 atque
573 1621 748 1702 numerosis
779 1619 993 1701 speciminibus
1022 1622 1185 1684 communi·

6 1729 78 1808 avit,
111 1747 210 1810 prope
241 1726 420 1810 Lugdunum
447 1725 625 1792 Batavorum
656 1733 687 1789 et
715 1726 746 1788 in
770 1721 929 1788 Seelandia
957 1723 1068 1786 loetum
1096 1725 1183 1790 clara.

6 1831 67 1894 lom·
91 1840 125 1895 et
148 1832 345 1896 Monumentum
367 1834 524 1912 miserunt,
548 1831 584 1897 cl.
607 1830 633 1894 l.
658 1831 774 1894 lltlauan
795 1844 890 1911 prope
907 1826 1057 1892 Genauam
1079 1813 1207 1894 obser·¹

6 1937 72 2015 avit,
95 1937 128 2000 in
155 1937 264 2000 Sueoia
286 1937 451 2017 llouaoaun,
476 1937 620 2000 llnnranu.
666 1933 690 1996 ll
718 1933 935 2018 vulgatissimis
967 1950 1022 2016 per
1050 1933 1183 2001 Africam

6 2042 270 2124 eptentrionalem‚
293 2042 485 2124 pertusatas
509 2041 722 2119 canariensas3
747 2039 835 2102 etiam
858 2056 875 2099 e
899 2037 1002 2120 Capite
1024 2039 1053 2100 b.
1078 2039 1127 2122 Sp.
1154 2049 1185 2105 et

6 2144 286 2212 eleva-Hellandia
310 2145 415 2208 habeo.
459 2144 545 2208 llaud
568 2161 680 2225 rarum,
704 2141 760 2206 sed
783 2142 821 2204 ob
845 2141 1070 2205 similitudinem
1099 2162 1184 2209 suam

6 2269 50 2312 am
73 2251 129 2314 Br.
157 2252 307 2332 copiltori
329 2250 510 2333 neglectum.

67 2359 179 2420 Fnaot.
202 2362 314 2419 motor.
338 2354 433 2437 ldajo,
455 2353 555 2416 lunio.

52 2478 147 2530 Differt
168 2493 185 2528 a
205 2478 255 2528 or.
274 2476 403 2545 capillati
419 2475 503 2546 quoad
522 2473 634 2528 habitum
647 2475 769 2544 proximo,
788 2472 892 2528 floribus
907 2474 1093 2544 biaexualiltua,
1113 2476 1182 2531 loliis

6 2564 146 2617 olidioribus
167 2565 253 2615 minus
271 2562 347 2631 longe
366 2572 392 2614 et
409 2561 516 2615 solidiue
536 2563 674 2629 cuspidatie
692 2562 866 2615 rufo-costatia
884 2563 954 2616 haud
972 2579 1030 2616 raro
1049 2565 1181 2618 notescen-

6 2651 62 2718 ltm,
94 2649 210 2720 capsula
240 2650 361 2702 solidiore
393 2649 486 2701 leniter
511 2652 617 2702 incurva
643 2659 754 2704 saturato
781 2649 890 2703 rubente
916 2660 942 2702 et
972 2667 1022 2703 nou
1055 2668 1181 2722 uunquam

6 2739 207 2806 nlouuguinea.
857 2783 874 2844 s

365 2910 410 2977 t8.
439 2910 547 2990 ltrynm
568 2910 800 2992 uterostegtu.

392 3066 476 3120 enan
493 3078 520 3121 e
538 3067 592 3120 sm.
612 3067 699 3134 arpen.
717 3083 772 3120 eur.

63 3207 201 3286 llumite,
219 3206 315 3269 deuse
326 3207 569 3288 caespitulosum.
601 3205 702 3270 daulis
713 3204 911 3270 brevissimus
924 3205 1038 3288 pluries
1055 3203 1180 3271 divisus.

6 3311 60 3376 lotia
83 3312 207 3376 caulina
231 3319 392 3393 perpauca,
416 3311 538 3392 minuta,
561 3319 687 3390 remota,
712 3310 992 3391 ovato-lanceolata,
1016 3317 1100 3374 costa
1123 3310 1180 3374 sub

6 3419 64 3498 pice
87 3415 234 3496 evanida,
257 3417 382 3480 comella
405 3433 576 3494 numerosa,
600 3413 695 3478 dense
719 3413 856 3478 conserta
872 3432 1080 3499 gemmamque
1095 3406 1193 3496 poly?

6 3521 105 3602 tyllam
129 3519 316 3601 efficientia,
349 3520 629 3601 erecto-patentia,
654 3527 765 3584 ovato·
791 3524 821 3581 et
844 3519 1180 3604 oblongo-lanceolata,

6 3633 63 3688 osta
95 3627 126 3688 in
158 3624 322 3706 cuspidem
355 3626 471 3688 laevem
507 3624 696 3706 excedente,
730 3624 867 3710 margine
899 3632 1026 3710 anguste
1048 3623 1179 3706 limbato,

6 3732 193 3812 ntegorrtmo,
220 3728 322 3810 plano.
368 3730 493 3812 capsula
516 3730 671 3810 inclinata,
694 3728 1040 3814 oblongo-pprilormis,
1070 3730 1179 3794 micro·

6 3840 87 3912 roma,
111 3833 335 3917 deoperculata
357 3835 437 3898 sioea
460 3853 478 3898 e
502 3834 579 3898 collo
601 3843 754 3900 contracto
778 3835 1021 3920 ovato-oblonga,
1045 3835 1179 3898 subere

6 3939 58 3998 laud
80 3947 248 4020 coarctata,
274 3939 429 4002 oclnacea.
476 3937 658 4022 Operoulum
682 3942 845 4022 minutum,
876 3938 1176 4021 convexo-conicum,

6 4041 167 4125 plautatum,
184 4043 368 4108 nutantium.
400 4043 609 4108 Peristomium
625 4045 735 4126 minus,
752 4043 902 4127 pallidum.
936 4043 1033 4126 Bryot.
1050 4062 1114 4110 eur.
1129 4043 1177 4126 lv,

6 4143 52 4207 tat.
68 4145 138 4211 362.

68 4270 168 4336 liubit.
194 4271 228 4334 in
250 4277 333 4332 tarra
357 4287 447 4334 senus
472 4271 547 4336 viam
569 4289 663 4354 prope
682 4271 863 4354 Koapaoold
883 4272 914 4334 in
938 4291 977 4334 m.
993 4269 1175 4353 Dooresjeld

6 4367 165 4458 lornegiae,
199 4375 252 4438 ubi
282 4380 400 4438 aestate
433 4372 515 4439 1844
543 4375 645 4440 detexi
674 4383 706 4440 et
733 4395 811 4442 anno
843 4373 924 4440 tote
954 4379 992 4441 al.
1020 4375 1071 4440 On.
1093 4375 1172 4440 mne

6 4479 88 4538 terum
108 4479 192 4562 legit
