3140 5372
525 407 686 476 liypnaceac.
1136 403 1199 466 528

32 583 126 646 belec
145 583 293 645 intricata
307 581 452 664 ¹ilarrruuu
475 581 585 647 Skand.
609 583 650 646 ll.
674 583 722 647 ed.
745 584 765 647 5
788 601 806 646 a
830 584 952 666 specim.
975 585 1121 649 auctoris!

32 689 126 751 lactea
145 688 277 769 subrufo
299 687 392 749 Wrus.
413 685 513 770 llrvol.
536 686 608 750 Brit.
1048 719 1051 729 .

31 792 125 855 lacteo
145 794 288 855 irrorato
310 791 457 854 Sermusa
481 797 532 854 mi.
576 800 578 812 '

30 897 190 958 balteolum
211 895 425 960 bomomullum
447 895 556 960 Srnvce
578 903 629 960 mt.

30 1001 236 1064 Orttctbecr'um
257 1001 434 1063 intricatum
456 998 506 1062 ua.
530 1007 562 1062 et
584 1000 648 1064 Sca.
670 997 768 1081 Brvol.
792 1019 856 1066 eur.

96 1123 196 1186 liubit.
220 1140 310 1204 supra
332 1139 424 1204 rupcs
447 1121 584 1186 humidas
608 1123 701 1204 inque
730 1141 833 1186 earum
857 1121 991 1204 lissuris,
1021 1123 1059 1187 ad
1085 1132 1197 1187 terram

27 1235 179 1292 excavatum
202 1226 360 1307 madidam,
384 1228 414 1289 in
436 1227 512 1290 locis
535 1225 701 1291 declivibus
725 1229 900 1290 cavernosis
924 1244 1016 1290 secus
1033 1235 1197 1291 cataractas

26 1331 150 1394 montium
174 1330 335 1394 editiorum
359 1337 390 1394 et
411 1328 550 1412 Alpium,
582 1330 660 1393 baud
690 1349 760 1395 raro
794 1350 849 1413 per
878 1349 975 1396 zonae
999 1331 1197 1396 intermediae

24 1437 163 1518 regionem
197 1435 383 1516 subalpinam
415 1441 446 1497 ct
477 1453 532 1516 per
562 1433 779 1500 scandinaviae
807 1421 929 1520 jugum,
964 1435 1019 1498 sed
1042 1437 1197 1499 rarissime

23 1539 214 1602 lruclilerum:
245 1531 346 1621 ¹prope
377 1539 585 1603 Niederosiavn
624 1524 793 1624 Norvegiae
825 1541 861 1606 cl.
892 1540 1048 1603 Aucsrnbrr
1083 1541 1196 1623 primus

23 1644 107 1706 lertilc
129 1644 220 1726 legit,
244 1642 355 1706 deindc
379 1643 409 1705 in
432 1642 558 1726 Alpibus
581 1644 746 1724 bavaricis,
769 1645 930 1727 praecipue
955 1663 1048 1728 prope
1071 1646 1199 1709 Perterr-

20 1749 128 1812 lirclreo
150 1747 220 1813 clrr.
244 1747 362 1811 Annona
386 1755 417 1810 et
441 1748 604 1828 Suucnmn,
637 1749 673 1811 cl.
696 1748 865 1812 Bauauaccn
896 1750 927 1812 in
960 1770 996 1813 m.
1029 1750 1201 1812 Stoclrbom

23 1854 130 1934 pulcbre
153 1851 342 1916 fructiferum
364 1853 555 1932 invenenant,
581 1860 612 1916 et
627 1853 692 1934 ipse
709 1853 853 1916 fructibus
870 1854 1042 1917 numerosis
1059 1862 1199 1918 onustum

19 1957 43 2020 in
62 1965 143 2039 parte
167 1959 327 2040 superiore
351 1964 518 2022 cataractae
542 1958 692 2021 (licabacb
715 1966 746 2021 et
761 1958 798 2022 ad
815 1977 906 2042 rupes
922 1957 1055 2023 madidas
1070 1959 1102 2021 in
1123 1958 1199 2021 valle

19 2061 175 2127 Maeuiani
198 2063 366 2126 observavi.

91 2169 197 2231 Fruct.
221 2175 332 2232 molar.
356 2166 504 2250 Augusto.

75 2291 161 2343 Variat
180 2289 368 2360 magnitudine,
386 2289 513 2341 densitate
533 2287 728 2356 cacapituloruln
747 2298 774 2340 et
791 2286 912 2360 capsulae
932 2288 1026 2356 [οπως
1053 2288 1119 2342 locis
1137 2291 1199 2342 irro-

19 2379 66 2428 ratis
91 2395 172 2431 aonae
197 2377 363 2430 intermediae
389 2375 457 2428 baud
485 2391 541 2426 raro
571 2376 667 2427 formae
694 2375 782 2427 minori
810 2375 900 2442 gracili
930 2377 1006 2428 Ortb
1032 2377 1201 2442 roscreentia

19 2465 85 2516 simile
110 2467 245 2534 prevenit,
277 2463 342 2516 locis
370 2462 522 2516 siccioribus
548 2451 661 2530 regionis
692 2461 794 2530 alpinae
820 2461 861 2513 vcl
887 2477 967 2515 zonae
993 2463 1200 2530 septentrionalia

19 2551 85 2605 leuse
103 2553 321 2622 caespitulosum,
344 2552 469 2604 sericeum
488 2550 614 2618 reperitur
633 2549 768 2616 Pylaiaiam
787 2549 906 2625 tenellam
924 2552 1049 2619 quandem
1068 2553 1199 2606 mentiens.

372 2709 400 2775 ².
431 2706 650 2776 brtbotbcolun
672 2705 838 2776 mlesccns.

433 2849 515 2918 lippo.
533 2850 668 2902 rulcrcena
686 2849 771 2900 Drcus.

90 2969 224 3048 Elatum,
248 2978 383 3033 erectum
405 2971 453 3034 vel
476 2970 688 3052 procumbens,
711 2970 862 3053 caespites
884 2965 1071 3054 irregulares
1095 2971 1200 3035 molles

19 3071 202 3136 rulescentes
240 3073 412 3139 ellormuns.
470 3075 570 3138 caulis
607 3074 721 3157 pluries
760 3082 791 3138 et
828 3072 996 3136 dichotome
1035 3075 1198 3158 fastigiato-

19 3193 161 3258 ramosus‚
187 3196 278 3260 parce
301 3179 488 3258 tumulosus,
511 3178 787 3244 suberadiculosus.
832 3177 912 3242 Folia
936 3180 1198 3260 erecto-patentia

19 3285 38 3340 at
57 3281 269 3362 subsecundo,
302 3283 459 3366 elongata,
491 3283 671 3362 lanceolata,
696 3284 787 3365 longe
815 3291 846 3346 ct
868 3283 998 3346 tenuiter
1020 3271 1197 3363 acuminata,

19 3383 115 3462 pluries
140 3387 268 3451 sulcata.
315 3385 444 3468 Capsula
468 3387 596 3469 oblonga
619 3394 650 3449 et
672 3386 824 3469 elongata,
848 3395 949 3450 erecta
973 3395 1003 3450 et
1026 3387 1196 3467 suberecta,

19 3503 26 3546 a
55 3489 133 3555 luteo
172 3491 353 3554 luscescens
392 3499 490 3555 aetate
529 3493 674 3556 brunnea.
719 3491 888 3554 Peristomii
924 3490 1031 3554 dentes
1068 3499 1197 3572 angruste

19 3596 350 3676 aneeclato-subulati,
382 3597 494 3660 interni
516 3597 688 3660 membrana
712 3596 849 3661 basilaris
875 3598 922 3658 vix
944 3615 1034 3680 supra
1057 3595 1197 3677 capsulae

19 3697 151 3764 sribciurn
187 3700 350 3782 producta,
383 3719 546 3782 processus
577 3700 716 3764 dentibus
748 3701 901 3782 longiores
931 3703 1068 3784 integra,
1100 3700 1198 3764 cilicla

19 3805 163 3886 nteriecta
187 3805 301 3868 brevia.
344 3805 444 3888 llrvol.
468 3824 533 3869 eur.
554 3808 590 3886 V,
613 3805 683 3868 Tab.
704 3801 776 3869 460.

19 3921 147 4006 dppnum
171 3927 313 3991 caulibus
335 3929 391 3990 eie
412 3929 553 4006 ramosis,
576 3929 664 4009 foliis
685 3929 854 4008 eubulclis,
878 3928 1037 4008 cristatis,
1061 3929 1197 4009 capsulis

129 4032 305 4112 praedibus
334 4030 446 4095 Harnun
475 4031 549 4096 Acta
580 4031 695 4131 Helvet.
726 4030 762 4093 N.
785 4031 804 4094 5
829 4040 860 4095 et
883 4031 978 4114 ejusd.
1009 4031 1083 4095 illst.
1108 4031 1196 4114 Stirp.
1229 4119 1235 4132 .

19 4133 449 4321 upndezpeddada⁷81rdcas.
467 4241 567 4323 crvpa
584 4241 667 4304 Fasc.
683 4240 729 4304 lli.
763 4240 857 4305 licon.
873 4248 904 4305 et
919 4241 1003 4303 Tura.
1034 4240 1066 4303 C.
1082 4239 1197 4304 litam

130 4343 263 4426 synops.

19 4441 116 4510 lerlreo
139 4448 302 4528 ruserccoa
325 4450 489 4512 Scnwurccn.
514 4448 618 4542 Suppl.
631 4449 652 4528 l,
670 4450 699 4512 P.
715 4449 750 4528 ss,
768 4457 787 4511 t.
805 4445 856 4512 86.
902 4448 980 4512 Bam.
1001 4441 1100 4530 Brvcl.
1116 4449 1194 4511 univ.
1252 4488 1254 4493 ·

129 4551 178 4615 Du
201 4551 329 4615 Ncraars
354 4551 424 4633 Spu.
470 4551 804 4618 mamistenum.
849 4553 969 4618 wnsoa
996 4552 1095 4636 Brycl.
1123 4553 1196 4622 Brit.
