3080 5370
863 391 1057 448 unanimem.

679 567 813 652 Subgen.
841 568 866 632 l.
912 569 1242 651 Ptychomitrium.

449 707 569 770 Plantae
593 709 804 790 proceriores,
835 707 902 771 laxe
934 707 1107 791 pulvinatim
1138 715 1322 793 congestae,
1351 709 1428 772 loliis
1453 707 1523 790 longis

362 811 458 876 acutis
488 813 572 895 apice
603 811 749 891 dentatis,
779 812 911 894 capsulis
934 813 1025 897 vulgo
1048 813 1251 896 compluribus
1276 833 1316 879 ex
1338 815 1444 879 eodem
1471 831 1526 894 pen·

361 914 489 997 cbaetio,
513 917 683 999 peristomii
705 917 847 981 dentibus
870 916 1039 1002 aequaliter
1061 917 1316 983 blilormibilidis.

694 1109 719 1177 l.
748 1109 990 1192 etymonnmn
1012 1110 1225 1194 polyptytrs.

761 1247 858 1318 aava
876 1250 1054 1320 potypbyttum
1073 1250 1159 1305 orer».

449 1370 571 1434 Plantae
595 1379 717 1435 erectae
740 1373 771 1435 in
801 1371 940 1454 pulvillos
975 1372 1081 1437 niolles
1118 1369 1356 1436 luteo-virides
1388 1381 1531 1456 congestus,

362 1493 380 1538 e
410 1473 477 1538 basi
506 1474 628 1540 divisae.
674 1476 755 1540 Folia
787 1475 884 1539 dense
912 1477 1068 1557 conferta,
1099 1477 1130 1538 in
1160 1483 1222 1540 tota
1245 1476 1345 1539 caulis
1378 1477 1531 1562 longinut'ns

365 1579 576 1662 subaequalia,
602 1598 619 1642 e
643 1579 708 1642 basi
730 1587 816 1643 ovata
838 1581 953 1663 pluries
977 1580 1092 1644 sulcata
1115 1581 1230 1643 sensim
1253 1579 1533 1647 lineali-lanccobts

361 1691 510 1765 acuteque
533 1684 676 1764 carinula,
700 1685 815 1766 apicem
831 1701 941 1747 versus
964 1693 1072 1767 argute
1094 1692 1223 1764 serrata,
1246 1691 1335 1749 costa
1352 1706 1422 1749 curn
1444 1683 1533 1748 suuni

360 1793 421 1850 tato
446 1786 581 1869 finiente,
605 1788 687 1851 sicca
710 1789 997 1871 cimbalo-crispata.
1036 1790 1141 1852 Flores
1164 1789 1290 1852 musculi
1312 1790 1348 1852 in
1373 1791 1458 1857 caule
1478 1787 1533 1850 len*

360 1907 420 1954 neo
443 1891 595 1972 exiliores,
619 1892 899 1976 brevi-pedicellati.
948 1893 1094 1976 Capsulac
1125 1912 1181 1978 pro
1209 1912 1295 1958 more
1317 1897 1489 1979 complures
1511 1904 1533 1954 st

359 1993 468 2059 eodem
490 1997 675 2078 pericbaetio
697 1981 867 2080 oblongae,
892 1994 1008 2077 fuscae,
1032 1997 1250 2080 leptodermae.
1296 1997 1406 2082 Bryol.
1430 1993 1534 2063 eun!

360 2099 432 2163 Tab.
449 2097 522 2166 229.

361 2221 478 2308 Bryon
500 2225 686 2304 cimbatum,
716 2225 790 2288 setis
812 2231 842 2287 et
870 2225 1008 2306 copsnls's
1036 2223 1230 2287 brevioribus
1261 2231 1291 2288 et
1316 2225 1467 2307 plssrs'brss
1486 2223 1533 2285 lint

491 2329 565 2394 ttist.
589 2331 682 2396 Musc.
706 2350 733 2412 p.
750 2325 825 2412 378,
850 2338 869 2396 t.
886 2329 1011 2411 XLVlll,
1034 2327 1123 2396 [til.

361 2433 479 2518 Brpnm
498 2436 711 2518 polppbyllum
732 2433 833 2500 Drous.

364 2539 513 2605 Tricbost.
536 2540 662 2622 polppb.
688 2539 817 2602 Sennea.
842 2539 942 2623 Suppl.
988 2539 1113 2602 lunera.
1158 2538 1251 2605 lloosn
1275 2547 1308 2604 et
1333 2539 1427 2608 nnn

364 2643 492 2708 Dieron.
515 2643 684 2726 polppltyll.
707 2641 794 2726 Engl.
817 2641 881 2706 Bot.

360 2747 511 2812 Rnoomit.
532 2749 702 2832 polyplspll.
725 2746 805 2813 Bam.
829 2745 929 2828 Bryol.
953 2747 1032 2809 univ.

362 2851 517 2934 Ptpcbons.
538 2853 708 2935 polyplrpll.
732 2851 783 2914 Bo.
808 2859 839 2914 et
864 2853 928 2914 Son.
952 2851 970 2914 l.
994 2869 1020 2914 c.
1066 2849 1111 2914 Dr
1135 2849 1264 2914 Nornnrs
1282 2853 1361 2936 Syll.
1412 2853 1445 2919 C.
1461 2855 1535 2945 uns

493 2956 603 3020 Skand.
628 2956 671 3019 Fi.
717 2955 808 3018 Wrrs.
833 2954 932 3037 Bryol.
957 2954 1029 3017 Brit.

359 3057 610 3142 Brocbgsteleuns
628 3060 799 3142 polypltpll.
824 3059 1006 3136 (Rrrcnesa.)
1031 3057 1063 3122 C.
1090 3059 1177 3125 bibon.
1203 3061 1273 3142 Syn.

344 3201 346 3204 ·
446 3181 550 3246 Hobs't.
575 3184 607 3244 in
629 3183 711 3244 saxis
735 3188 765 3243 et
789 3183 883 3244 muris
907 3181 998 3245 siccis
1020 3182 1135 3245 siliceis
1157 3183 1297 3266 regionis
1317 3194 1534 3264 montensepe

361 3291 453 3351 totam
479 3286 629 3370 Europam
651 3286 826 3369 sporadice:
850 3287 881 3348 in
912 3287 1026 3368 Vogesi
1058 3287 1227 3370 superioris
1260 3295 1294 3350 et
1331 3289 1533 3374 Spirae-rign

363 3389 546 3453 convallibus
562 3390 724 3472 praecipue
747 3389 784 3453 ad
809 3408 881 3453 saxa
897 3397 928 3452 et
944 3408 1046 3454 muros
1062 3391 1209 3476 granitica
1232 3410 1329 3456 secus
1347 3397 1420 3460 vias
1438 3396 1537 3480 publice

360 3495 517 3576 provenit,
551 3512 699 3580 nusquam
733 3495 886 3578 copiosius
921 3503 968 3558 est
998 3514 1087 3578 quem
1120 3497 1151 3558 in
1181 3495 1329 3562 Neustria
1368 3519 1468 3585 propo
1500 3497 1517 3558 l‘

362 3604 394 3660 et
415 3597 549 3664 dalaiae.

447 3703 550 3768 nares.
573 3711 684 3768 motor.
709 3703 826 3786 hyeme.

434 3823 522 3878 Catulis
543 3824 730 3894 longitudinem
753 3825 948 3878 semiunclaletn
970 3827 1002 3879 sd
1025 3825 1181 3880 biunclalenr
1199 3825 1315 3895 attingit,
1339 3829 1456 3898 cepsnls

362 3910 404 3963 rel
423 3911 527 3965 brevior
541 3915 708 3980 conspicitur,
722 3923 851 3966 caeterum
865 3929 953 3983 parum
966 3914 1056 3966 vadet.
1082 3912 1110 3965 lu
1124 3912 1224 3966 Galliae
1236 3915 1427 3970 meridionalis
1440 3935 1515 3986 prosc

362 3999 490 4067 despross
508 4017 588 4070 prope
608 4003 742 4054 Conconne
761 4003 866 4055 lormnm
883 4000 1069 4068 breviceulem,
1088 4000 1195 4070 capsula
1213 3999 1372 4056 abbreviet·
1394 4021 1495 4072 semper
1532 4036 1537 4045 ·

360 4086 474 4142 solitaria
492 4087 553 4158 legi.
590 4087 697 4158 Species
717 4088 855 4143 insularum
874 4090 1045 4142 stricsnrrurn
1063 4097 1141 4158 atque
1161 4089 1266 4141 Airicse
1285 4091 1488 4149 meridionalis.
1504 4092 1519 4142 l

361 4175 455 4229 nunties
477 4177 591 4246 merglns
610 4176 704 4244 laevir,
723 4177 842 4246 capsulas
858 4177 997 4246 solitarias,
1016 4177 1163 4242 solidiores,
1182 4177 1288 4231 brevius
1302 4179 1508 4246 pedicellstse¹
1538 4214 1539 4217 =

360 4263 445 4316 stomii
469 4263 559 4318 dentes
583 4265 666 4320 minus
684 4265 838 4335 segulsriter
854 4265 948 4320 bifidos
965 4263 1076 4330 babent,
1094 4273 1172 4335 etque
1189 4263 1325 4335 snbgenns
1343 4267 1486 4326 etot-nt
1500 4285 1527 4334 a

361 4351 463 4402 nomine
484 4351 708 4418 Brsclsystelsssss
726 4353 855 4421 designari
873 4353 993 4421 potnerit.
