3372 5372
616 383 769 436 l’nttiarrae.
1229 376 1288 463 m

106 559 242 638 subulata,
268 561 356 642 apice
379 566 505 622 serrata.
540 555 668 637 capsula
692 555 722 614 iu
745 552 894 634 pedieelln
908 558 1047 638 pertenui
1065 558 1203 620 liexueso
1219 557 1288 619 sub-

105 661 204 723 unciali
227 660 413 725 llavescenle
430 659 648 743 angustissiuw
666 657 866 737 cylindreoea,
893 660 1081 724 inanescens.
1105 661 1204 743 Brynl.
1225 679 1289 722 eur.

103 764 123 826 li
153 765 222 830 Tali.
247 763 302 830 92.

104 810 242 949 ramosa
266 887 471 968 cylindrieam
493 883 677 960 brevicaule,
702 883 780 947 loliis
804 886 904 948 ebeni
926 887 1082 951 latiuseula
1098 885 1289 968 capillarum

219 989 566 1071 flexuose-palentinus,
591 987 754 1071 sporangie
776 989 960 1072 cylindrien‚
991 991 1135 1074 operculo
1158 991 1289 1071 oblonga
1401 1033 1404 1047 .

220 1093 347 1159 conice(
383 1094 484 1156 ileum.
510 1093 559 1172 Sp.
585 1091 679 1154 iluse.
704 1111 731 1172 p.
759 1091 829 1174 107,
853 1095 924 1160 Tel).
948 1092 1001 1176 24,
1027 1095 1045 1161 l.
1070 1095 1187 1160 7-13.

136 1197 262 1260 Seuwen.
290 1199 390 1281 suppl.
437 1199 591 1260 Wmunnn.
614 1195 655 1258 Fl.
678 1197 754 1279 lapp.
800 1198 879 1264 Bam.
904 1199 1003 1282 Bryul.
1027 1204 1107 1266 univ.

101 1300 240 1365 Triuiam.
267 1294 459 1382 leaaisolt'a'rn
481 1309 510 1364 et
533 1309 620 1364 tenue
643 1301 765 1366 maan.

100 1405 289 1485 Didymoden
314 1407 504 1488 cylindra'eus
526 1405 679 1469 ll'munan.
704 1407 744 1472 Fr.
768 1409 857 1473 Suec.
902 1409 995 1474 lloou.
1018 1409 1104 1493 Engl.
1128 1409 1170 1472 ΕΙ.

98 1509 259 1574 ilica-naam
285 1513 489 1593 apripennum
511 1510 595 1571 Wnn.
618 1516 649 1572 et
672 1510 756 1574 ilum
779 1511 810 1574 B.
837 1513 869 1576 T.

99 1614 266 1678 Cerntncloa
292 1617 481 1696 cyliani-ioue
502 1613 553 1676 Ba.
577 1623 609 1676 et
630 1615 694 1678 scu.
717 1613 817 1694 Bryal.
846 1632 911 1677 eur.
960 1617 1049 1680 illus.
1082 1615 1181 1696 Bryol.
1211 1616 1283 1680 Brit.

215 1719 328 1783 linars.
352 1718 463 1782 Skand.
486 1719 527 1780 Fi.
551 1718 600 1782 ed.
624 1715 653 1782 6.

99 1825 263 1888 incaedua
288 1825 419 1906 eptindr.
444 1824 542 1888 Saena.
568 1822 713 1886 Corollar.
758 1821 858 1904 Bryol.
881 1843 945 1888 eur.
970 1841 997 1908 p.
1022 1822 1073 1888 36.

171 1945 277 2010 nante.
303 1947 438 2009 interra
461 1963 593 2008 arenosa
623 1945 742 2007 humida
774 1945 812 2007 ad
841 1945 993 2028 sylvarum
1015 1947 1177 2030 margines·
1192 1955 1223 2010 et
1245 1948 1283 2011 ad

99 2048 182 2114 latera
205 2052 323 2116 viarum
346 2069 486 2115 cavarum
510 2071 528 2112 e
551 2050 690 2132 planitie,
722 2051 905 2130 ulutatus,
937 2067 1035 2132 usque
1065 2053 1096 2114 in
1124 2053 1282 2135 regionem

97 2153 211 2234 alpinam
228 2157 282 2219 ubi
306 2158 397 2219 eliam
419 2157 450 2218 in
474 2163 555 2218 terra
571 2155 650 2218 nuda
673 2155 765 2216 suciis
782 2155 963 2218 Dieraaelln
979 2157 1179 2235 Grevilliuan,
1196 2155 1282 2239 Brye

97 2257 202 2322 stadii
225 2268 257 2324 et
283 2262 419 2330 marimo
442 2261 595 2336 aecurril3
619 2261 683 2342 ipse
706 2259 803 2322 dense
827 2259 1041 2340 caespitantem
1074 2262 1103 2323 in
1133 2261 1202 2326 loeo
1225 2261 1280 2325 uli·

95 2363 193 2443 pinnae
216 2385 255 2429 m.
280 2366 470 2430 &detenter
487 2367 610 2428 Tanna
626 2363 842 2447 salisburgiae,
864 2363 895 2424 in
918 2363 1061 2428 Rhaetiee
1084 2384 1122 2428 m.
1145 2367 1282 2448 Splapea

98 2467 122 2526 in
142 2469 185 2530 via
208 2487 283 2532 eave
307 2471 386 2532 inter
413 2471 500 2550 Teste
520 2477 552 2532 et
573 2469 764 2548 Learpnnrd
791 2468 979 2550 Norvegine,
1013 2470 1158 2553 atquem
1192 2471 1279 2534 Dele-

94 2571 173 2634 carlia
194 2573 270 2657 legi,
294 2576 324 2636 in
347 2574 482 2638 alsatiae
506 2575 626 2656 planitie
651 2573 809 2652 (Kanum).

170 2679 276 2743 Fiunt.
300 2687 410 2744 matur.
442 2685 568 2742 aestate.

155 2797 259 2853 Plantae
283 2800 334 2853 illis
352 2799 526 2851 Dicreaeliae
548 2798 672 2864 mappa,
697 2815 754 2850 cnm
778 2813 828 2866 qna
853 2797 920 2850 hand
944 2813 1001 2850 rara
1030 2799 1196 2865 proveniunt,
1220 2801 1281 2854 satia

94 2884 188 2953 similer,
210 2889 310 2940 tructus
328 2897 415 2939 contra
434 2887 536 2937 omnino
555 2885 680 2938 diversus.

565 3065 693 3128 liam.
726 3063 807 3128 W.

473 3203 884 3274 uarunosuomuau

171 3353 291 3417 Plantae
314 3371 467 3435 perennes
498 3352 625 3416 humiles
650 3354 697 3414 vel
722 3353 875 3416 elatiores.
922 3353 1000 3416 Folia
1031 3352 1116 3417 valde
1149 3352 1277 3417 diversi-

94 3453 189 3520 lnrmia
213 3479 232 3520 e
256 3460 315 3532 late
339 3459 611 3522 ovate-lanceolata
634 3457 753 3521 linealia
778 3465 808 3520 et
830 3458 984 3539 subulata,
1007 3475 1100 3541 opaca
1122 3458 1276 3541 papillosa,

95 3559 135 3620 vel
156 3561 342 3645 laeviaplus
367 3565 465 3627 minus
488 3564 622 3642 nitentia,
647 3563 854 3642 coaeterni,
885 3564 1052 3628 semilereti
1077 3563 1124 3626 sel
1146 3563 1276 3642 dilatata,

94 3667 143 3726 reti
171 3669 441 3748 parenehymatoso
474 3675 628 3731 caeterum
670 3667 896 3730 Pettiacearum.
956 3667 1094 3750 Calyptra
1121 3669 1278 3733 cucullata·

94 3767 212 3851 tapsuta
236 3773 294 3836 alte
316 3773 493 3855 pedicellata
517 3780 619 3837 erecta
641 3774 689 3834 vel
712 3790 835 3853 cernua,
860 3774 966 3838 laevis.
1011 3773 1179 3837 Peristnmii
1202 3775 1275 3836 den-

94 3877 133 3933 tes
149 3879 318 3942 membrana
341 3878 461 3941 basilari
484 3879 660 3961 angustiore
683 3877 828 3940 letioreve
852 3877 929 3943 haud
952 3895 1022 3943 raro
1046 3877 1197 3942 tubilnrmi
1213 3879 1274 3942 sul-

96 3975 161 4058 ruiti,
184 3982 219 4044 ad
243 3983 327 4046 basin
352 4001 449 4064 usque
473 3981 552 4045 bifidi
577 3983 616 4044 ita
639 3990 670 4044 ut
692 3979 733 4044 32
756 3991 955 4047 numerentur
977 3981 1144 4062 lililormes‚
1168 3985 1273 4049 edua·

95 4079 143 4142 bus
159 4085 276 4150 laminis
287 4088 512 4151 semiteretibus
529 4085 687 4166 efformati,
699 4105 826 4169 quarum
843 4096 970 4152 externa
986 4087 1276 4152 internasaturatius

96 4185 175 4254 tincta
198 4192 275 4256 haud
303 4211 374 4256 raro
399 4193 566 4277 angustior,
590 4190 677 4254 valde
698 4191 845 4273 papillam,
870 4193 918 4256 vix
941 4191 1164 4274 lygroscnpici,
1186 4195 1274 4272 reoli,

96 4289 196 4376 obliqui
220 4298 427 4362 sinistrorsum
449 4315 522 4362 raro
544 4296 737 4360 dextrorsum
761 4297 841 4377 torti,
865 4296 1042 4379 plerunque
1064 4300 1217 4380 purpurei.

171 4401 309 4466 Deatium
328 4402 462 4466 formaet
473 4409 624 4465 strunium
641 4399 729 4464 facile
746 4400 1024 4482 ailidymndonteis
1034 4401 1274 4486 distinguendae.
