3104 5368
518 337 657 404 Bryncere.
1118 336 1179 398 m

51 555 112 614 Sect.
134 553 172 616 11.
218 555 511 620 truncationes
533 555 812 635 abolitorum,
835 558 979 620 romuli
1000 563 1136 623 erecti.

114 719 131 767 l.
168 701 268 770 Falla
286 717 669 783 internuntiante,
687 719 887 785 pertinatiae
904 721 1056 774 dentata.

348 883 372 918 a.
407 865 606 934 operculum
626 863 816 918 mamillare.

422 1015 450 1081 t.
480 1014 589 1081 llutnn
611 1013 746 1081 bomon.

426 1173 497 1226 llrut.
516 1172 585 1225 brun.
605 1172 681 1240 Sper.
701 1171 738 1224 ΡΙ.

83 1309 178 1372 [tense
201 1312 427 1392 caespitosum,
451 1313 601 1392 caespites
625 1311 743 1373 inlerne
765 1316 898 1374 tomento
919 1310 1181 1391 rulo-serruginro

26 1417 152 1476 ntertexti.
198 1413 299 1477 Cauiis
330 1415 475 1496 simplex,
510 1414 634 1477 ramulis
665 1433 682 1475 e
715 1415 780 1477 basi
812 1415 908 1478 enatis
936 1414 1032 1478 dense
1064 1413 1179 1476 loliosis

26 1517 247 1599 lrgcllilormibus
271 1519 355 1601 apice
379 1517 521 1583 incurvis.
566 1518 646 1580 Folia
671 1539 688 1582 a
710 1519 775 1580 basi
797 1517 834 1581 ad
858 1519 972 1602 apicem
995 1517 1089 1581 caulis
1108 1513 1178 1578 sen-

25 1621 52 1682 tn
71 1623 248 1685 consertiora
272 1630 362 1704 atque
386 1625 516 1704 majora,
547 1623 810 1702 erecto-patentia
837 1622 947 1686 leniter
977 1621 1179 1698 decurrentia,

25 1725 120 1787 iccitate
142 1726 296 1804 subtuna,
336 1725 435 1790 intima
462 1723 688 1807 squamilormia
721 1727 855 1810 margine
890 1727 1010 1809 integro
1037 1733 1069 1789 et
1096 1732 1178 1788 costa

25 1827 121 1906 abelis,
146 1830 245 1892 media
268 1830 504 1912 orati-oblonga,
529 1828 686 1909 superiora
710 1827 1006 1914 elongato-oblonga,
1022 1826 1195 1911 periebae-·

25 1931 68 1993 alia
89 1941 214 1997 externa
239 1931 714 2017 angustelingulam-spatiolum
736 1933 839 1996 intima
862 1933 1045 2014 lanceolata,
1080 1934 1177 1997 omnia

24 2043 76 2096 anta
96 2039 262 2101 acuminata
286 2038 422 2122 margine
447 2040 613 2100 incrassato
637 2043 735 2099 aetate
758 2036 826 2098 rulo
849 2036 988 2100 dentibus
1011 2036 1178 2120 duplicibus

24 2141 90 2202 slidis
112 2142 234 2204 tandem
257 2143 435 2205 rubentibus
458 2149 580 2204 armata.
624 2139 729 2203 Flores
752 2140 850 2204 diolci.
895 2139 1023 2222 Capsula
1045 2141 1075 2203 in
1095 2141 1178 2222 perli-

23 2245 66 2308 rlo
94 2247 187 2330 longo
218 2245 416 2309 subtlexuoso
447 2263 578 2326 superne
599 2251 735 2307 arcuato
769 2252 878 2307 nutans
910 2252 941 2307 ot
974 2244 1178 2322 boriaontalis,

23 2347 127 2430 liptica,
152 2351 255 2433 sporis
277 2349 397 2432 impleta
420 2369 437 2412 e
460 2349 548 2412 viridi
571 2349 701 2428 luteola,
724 2365 818 2411 vacua
841 2350 1002 2413 latescens.
1048 2348 1177 2411 Periste-

23 2453 73 2513 iun
94 2455 231 2537 generis.
276 2455 389 2535 Sperne
411 2453 534 2516 nudes.
579 2451 677 2533 bryol.
701 2469 765 2513 eur.
790 2452 838 2530 lV,
861 2453 932 2516 'lab
949 2449 1022 2516 390.

23 2579 96 2654 mum
118 2576 246 2639 stellare
267 2577 397 2639 bornum
420 2575 581 2657 sylvarum,
605 2573 733 2656 capsulis
758 2573 873 2657 magnis
890 2573 1071 2637 nutantibus.
1099 2573 1175 2634 Dran.

110 2680 184 2744 llist.
210 2681 305 2744 blusc.
329 2699 356 2762 p.
379 2679 454 2759 402,
478 2685 498 2742 t
521 2677 576 2757 51,
600 2678 619 2742 l.
642 2679 693 2740 tt.

22 2781 97 2846 tna·
117 2785 254 2849 bonum
274 2785 353 2848 una.
378 2785 428 2866 Sp.
450 2784 492 2847 ΡΙ.
534 2784 636 2847 llauw.
661 2785 709 2867 Sp.
734 2784 827 2847 Musa.
865 2783 914 2848 Ba.
938 2789 969 2845 et
992 2784 1057 2845 Sca.
1079 2783 1178 2864 bryol.

109 2907 175 2952 eur.
224 2888 258 2951 C.
282 2889 396 2951 blicam
421 2889 491 2972 Syn.
535 2888 580 2950 Da
603 2887 703 2951 Nornn
728 2888 799 2970 Syll.
844 2887 980 2950 llnsrmm
1003 2884 1113 2950 Slrand.
1136 2885 1176 2950 Fi.

106 2993 232 3055 Wrrson
256 2991 356 3075 bryol.
380 2992 451 3055 Brit.

22 3099 95 3172 marr
118 3097 212 3159 Pella
235 3098 337 3158 borno
358 3095 439 3158 Bnro.
462 3097 561 3177 Bryol.
585 3097 664 3159 univ.

67 3217 165 3280 liabit.
191 3217 225 3279 in
250 3218 342 3298 sylvis
365 3218 515 3280 umbrosis
539 3217 574 3280 ad
597 3235 690 3300 rupes
713 3217 849 3280 humidas
878 3216 1037 3299 praecipue
1068 3231 1174 3278 arena-

22 3335 70 3396 as,
97 3320 133 3382 ad
157 3327 276 3383 terram
300 3338 390 3383 secus
414 3321 527 3384 rivulos
551 3329 582 3383 et
604 3320 641 3384 ad
664 3322 787 3402 abrupta
811 3320 944 3398 humida,
979 3337 1033 3400 per
1056 3326 1175 3382 montes

22 3437 141 3486 enaceas
165 3432 198 3487 et
222 3426 388 3510 graniticas
412 3426 547 3507 regionis
570 3426 757 3506 campestris,
782 3424 991 3506 copiosissime
1006 3424 1037 3485 in
1053 3423 1175 3506 Vogeso

22 3543 68 3604 que
90 3530 118 3590 in
142 3529 353 3612 Sylva-nigra,
377 3529 500 3612 vulgare
523 3528 631 3591 dicitur
653 3529 683 3590 in
706 3527 868 3606 Britannia,
891 3527 989 3590 rarius
1011 3527 1040 3588 in
1066 3527 1174 3591 Suecia

22 3647 68 3710 que
88 3633 255 3718 Nervegia.
295 3633 418 3696 Pulchre
442 3652 480 3694 ex
502 3634 641 3697 America
665 3631 892 3716 septentrionali
914 3630 1019 3693 babeo.

65 3738 162 3802 Fruct.
187 3745 306 3801 matur.
330 3736 435 3819 Aprili.

51 3855 130 3912 l’lmta
146 3860 290 3928 speciosa,
309 3857 513 3924 2—3-nncialis,
533 3858 689 3926 caespitibus
707 3858 796 3911 denaia
812 3875 891 3926 saepe
909 3849 1110 3911 tumescentibus
1129 3857 1173 3910 ab·

22 3957 55 3992 rrc
72 3947 202 4014 viridibus,
223 3944 348 3998 caulibus
366 3944 525 4012 rubentibus,
544 3944 657 4014 capsulis
676 3945 701 3997 in
720 3946 812 3998 euclem
831 3946 944 4013 cacapite
962 3947 1174 3999 nrnmerorimimir

22 4041 107 4096 lpum
122 4033 277 4087 nutantibus
296 4032 412 4100 insignia.
