3238 5352
604 275 769 336 tundantur
1230 276 1286 342 W!

181 451 274 516 Gauiis
296 459 418 515 nectua
441 457 488 514 cst
511 469 578 515 curn
602 457 662 514 lota
684 451 870 536 longitudine
893 451 1065 516 verticalcm
1081 451 1203 516 exhibet
1225 471 1278 534 po·

104 557 243 635 altionem,
271 563 303 618 ut
325 555 357 618 in
381 557 559 636 Poiptriclto
582 557 746 633 manuni,
779 556 809 618 in
832 557 917 640 Brpo
937 557 1215 638 psendctripuelpo,
1247 557 1277 618 in

106 660 205 740 lippae
224 661 353 734 sinam
384 661 552 724 ascendens
574 659 623 724 ubi
654 679 670 722 a
695 659 759 723 linai
781 659 956 724 borizontnli
986 659 1129 724 arcuatim
1151 659 1278 742 erigitur

108 773 134 826 et
158 764 403 846 perpendicularis
434 762 577 842 allicitur3
615 763 784 826 declinatas
820 781 887 826 cum
923 764 1065 830 arcuatim
1101 763 1276 842 descendit3

112 869 256 930 caeliam
276 883 343 930 cum
367 866 532 930 declinatus
555 866 638 948 apice
662 865 771 929 leniter
793 869 943 952 assurgit3
975 871 1122 934 incarnata
1143 867 1276 950 apicibus

109 973 236 1034 ιιιιιιιιιι
258 977 412 1052 spectans,
444 989 591 1034 reconem
621 987 714 1032 sensu
737 973 888 1036 conuarlc
921 978 1078 1050 curvatum
1113 971 1275 1051 depressas

108 1075 151 1136 obi
169 1075 201 1136 ab
221 1075 338 1158 origine
361 1074 541 1137 suberectus
573 1074 730 1154 quotannis
763 1075 848 1136 novis
877 1075 1089 1156 propaginibus
1123 1075 1276 1155 motisque

107 1177 140 1240 sd
160 1185 260 1242 erran
289 1177 483 1259 deprimitur,
513 1186 547 1240 ut
567 1179 596 1238 in
620 1177 730 1262 lpppno
754 1178 879 1260 (llpoc.)
901 1179 1094 1257 splendente,
1124 1178 1155 1244 in
1179 1179 1275 1244 Tinia-

106 1284 154 1346 tto
170 1284 382 1355 laacmsdnm
400 1282 612 1364 proscribens,
633 1289 819 1362 prostratas,
842 1281 1022 1362 bonifacus,
1046 1300 1113 1344 cum
1135 1281 1275 1346 horizon·

108 1387 192 1449 lalter
221 1394 319 1450 terrae
356 1385 514 1464 incumbit,
543 1393 574 1448 ut
603 1385 631 1446 in
664 1384 829 1465 Brocltptlr.
858 1385 1016 1463 rutabula,
1045 1386 1076 1448 in
1098 1385 1273 1466 Eardpncb.

108 1493 214 1570 simio,
233 1491 381 1570 piliser05
401 1509 527 1570 uiperea
548 1487 683 1552 llexuosc
707 1495 894 1569 prostratus,
916 1489 947 1550 in
969 1489 1064 1552 Euri.
1085 1489 1275 1569 prucionpop

113 1615 199 1674 repara
229 1593 280 1655 ubi
310 1601 409 1656 terrae
432 1592 626 1671 incumbens,
658 1591 705 1654 bio
727 1592 874 1654 radiculas
898 1593 977 1676 agit,
1001 1599 1033 1653 ut
1056 1593 1085 1654 in
1107 1592 1273 1682 Broebptb.

111 1697 264 1774 memo,
286 1697 437 1778 populeo,
460 1697 489 1758 in
516 1695 644 1758 Thaidis
667 1698 832 1775 minutula,
863 1699 1026 1762 delicatulo
1033 1720 1046 1772 ,·
1074 1705 1201 1780 reptans
1222 1698 1273 1760 ubi

106 1817 214 1882 senens
237 1807 299 1864 tota
322 1799 507 1883 longitudine
530 1799 670 1862 radiculis
693 1808 776 1862 arcte
798 1800 952 1882 adbaeret,
984 1808 1015 1863 ut
1045 1802 1139 1866 caulis
1167 1803 1275 1868 illotos

102 1905 311 1983 Drmondii,
334 1905 517 1986 Crpploeoe
538 1905 762 1981 beterumuiloe,
785 1905 985 1986 Leptodontis
1008 1905 1138 1982 Smitlrii,
1162 1907 1280 1985 Μαι--

97 2029 180 2072 rocoa
200 2015 277 2087 ete.;
303 2010 457 2090 pendulam
479 2009 528 2071 ubi
551 2007 701 2072 radicibus
730 2007 908 2072 basilaribus
932 2009 1071 2075 arborum
1099 2008 1204 2072 cortici
1225 2008 1274 2072 vel

97 2113 201 2194 rupium
216 2112 360 2175 lateribus
375 2111 502 2191 adbxus,
529 2111 597 2174 laxe
620 2119 651 2173 et
666 2132 769 2177 comae
793 2113 888 2176 instar
910 2111 1063 2194 dependit,
1085 2113 1163 2176 utin
1179 2111 1273 2174 dnti-

93 2217 196 2280 lrr'ola'o
224 2218 454 2297 curtipendttlo,
487 2216 624 2280 Neclsero
657 2217 779 2296 crispo,
813 2215 913 2296 lippa
946 2215 1177 2295 capressiformi
1209 2231 1271 2278 var.

92 2319 238 2398 plisna-ram
257 2319 383 2398 pluitans
405 2320 431 2380 si
448 2321 531 2402 aquis
548 2319 707 2382 liuentibus
731 2307 888 2380 immersus
904 2335 1006 2380 earum
1030 2315 1165 2381 ludibriis
1180 2317 1272 2397 cedit,

91 2429 123 2484 ut
141 2423 314 2503 ciscttoort,
337 2423 526 2502 Fontinoles,
550 2423 760 2500 Octodiceroa,
784 2423 898 2502 prnn
921 2421 1061 2486 nonnulla
1083 2422 1228 2504 aquatica.

170 2526 270 2589 Caulis
296 2528 432 2610 ramique
465 2528 623 2608 improprie
654 2528 819 2608 compressi
849 2533 880 2587 et
907 2525 1084 2606 complanati
1119 2525 1270 2604 dicuntur,

92 2647 152 2692 cam
173 2631 253 2712 iolla,
278 2633 315 2696 ad
339 2633 400 2696 duo
423 2633 515 2695 latera
538 2631 672 2714 dejecta,
696 2630 841 2713 depressa
864 2638 895 2692 et
917 2631 1101 2712 complanata
1124 2627 1269 2708 evadunt3

92 2741 207 2813 teon,
240 2737 319 2799 loliis
350 2734 695 2816 adpreasoimbricatis,
737 2737 921 2815 onpnlores,
953 2734 1031 2796 loliis
1063 2733 1270 2803 lubricatione

91 2839 192 2902 seriata
214 2839 345 2922 angulos
361 2839 568 2906 efficientibus.
606 2839 705 2902 Gauiis
729 2839 793 2920 ipse
810 2846 892 2902 teres
909 2845 967 2918 est,
990 2855 1060 2902 raro
1077 2853 1269 2918 compressus

90 2950 118 3004 ut
136 2945 164 3006 in
192 2945 273 3026 Hyp.
297 2947 583 3024 mato-costronai,
615 2945 663 3007 vel
685 2945 878 3028 triangularis
902 2953 935 3007 ut
955 2945 984 3006 in
1008 2943 1208 3023 l’clptrioltis,
1240 2941 1269 3004 iu

91 3048 258 3114 noemmin
279 3057 337 3112 etc.
688 3049 691 3054 '

165 3153 263 3216 Pauca
296 3151 335 3216 dc
364 3153 456 3218 caulis
491 3160 640 3218 structura
671 3153 836 3218 anatomica
870 3150 1088 3234 simplicissima
1121 3151 1269 3219 monenda

92 3263 155 3322 tuat
192 3256 225 3318 ln
247 3258 410 3339 speciebus
434 3257 576 3324 ιιιοιιιοιιι
592 3267 681 3340 atque
696 3256 925 3322 succulentioris
941 3255 1169 3335 consistentiae,
1194 3271 1266 3337 spia-

95 3375 141 3422 ran
166 3362 226 3424 rita
250 3379 361 3424 annum
384 3362 434 3426 aix
456 3362 586 3440 excedit,
611 3362 705 3426 caulis
728 3382 745 3424 e
768 3360 884 3424 cellulis
907 3359 1088 3441 laxioribus,
1116 3361 1268 3444 leptoder-

93 3465 151 3546 aa,
187 3465 460 3546 subunilormibus,
484 3474 655 3533 exstructus
684 3474 749 3544 est,
779 3467 809 3528 in
831 3463 1055 3548 procerioribus
1084 3463 1268 3546 perennibus

91 3569 236 3630 ccellulis
261 3567 532 3650 dirersilormibus,
556 3571 682 3654 lignosis
705 3589 813 3653 nempe
835 3570 1021 3654 longioribus
1044 3569 1268 3651 angustioribus

88 3671 242 3752 epliudrum
252 3681 414 3736 externum
423 3675 683 3756 constituentibus,
695 3682 726 3737 ct
735 3673 1009 3758 parencbpmatosia
1021 3673 1196 3753 laxioribus,
1209 3673 1266 3735 las-

88 3776 200 3840 eicrduur
223 3777 354 3857 exilem,
378 3777 536 3842 medullam
557 3779 723 3861 plantarum
745 3779 957 3862 perlectlorum
980 3777 1174 3840 mentientem
1197 3794 1266 3840 suc·

88 3898 201 3962 cunque
223 3881 399 3944 vehentem.
445 3885 520 3946 Vasa
543 3884 681 3965 spiralis,
705 3891 860 3964 punctata,
893 3899 1020 3964 porcsa,
1051 3880 1268 3964 scalarilormia

89 3987 194 4048 ommno
218 3985 298 4050 nulla
322 3984 421 4050 adhuc
443 3986 561 4050 detecta
585 3995 670 4068 sunt,
701 3987 861 4069 nequidem
884 3988 913 4050 in
941 3987 1026 4050 caule
1050 3986 1167 4070 lignosa
1196 4003 1264 4066 pro·

90 4091 200 4155 nono
231 4093 345 4176 gentis.
394 4090 545 4171 Ceilulae,
582 4101 704 4174 contra,
736 4093 893 4175 eleganter
927 4098 1084 4172 punctatac
1117 4085 1150 4152 in‘
1178 4089 1264 4154 caulo

90 4195 244 4275 ilaioraaa,
271 4198 542 4280 Polycriclaornra,
572 4201 788 4282 Spbopnorom
810 4199 887 4262 inter
910 4197 982 4260 alias
1004 4195 1137 4278 perbelle
1160 4195 1264 4259 distin

90 4308 210 4380 purum.
254 4299 470 4368 indumentum
492 4303 652 4383 corticale,
676 4320 736 4385 quo
759 4303 895 4394 Spbagna
918 4299 1069 4384 gaudent,
1099 4300 1131 4362 in
1152 4301 1263 4362 muscis

92 4405 196 4488 propetis
218 4404 427 4474 desideratur.
471 4407 551 4488 (tio.
574 4407 653 4474 lcon.
677 4407 746 4472 Tib.
759 4407 822 4482 Ν.)
