3290 5370
376 367 440 430 ala
698 421 700 426 ,
887 371 1048 440 lippum.

376 545 621 626 sericeo-nitida,
645 553 796 626 ecostata,
820 547 1032 631 integerrima,
1057 564 1113 628 pro
1135 545 1261 608 maxima
1284 553 1368 627 perte
1389 545 1470 608 laete
1492 548 1555 604 ete
1636 607 1637 612 ,

376 652 546 714 lutescente
577 648 701 730 viridia,
738 651 798 714 reti
825 652 1058 734 angustissimo,
1096 650 1218 729 buceri,
1256 650 1293 712 ad
1324 649 1408 714 basis
1436 645 1556 730 angulos
1636 707 1637 712 ,

376 758 488 820 minute
521 753 674 837 quadratu.
719 756 935 819 Perichaetium
966 757 997 819 in
1029 754 1146 818 ramulo
1182 753 1267 817 brevi
1303 752 1459 817 radicante
1490 752 1557 812 satis

375 861 564 943 elongatum,
594 859 663 922 luae
686 860 882 925 imbricatum.
927 859 1065 941 Galyptra
1088 875 1213 944 magna,
1245 859 1391 922 mouban
1424 863 1456 920 et
1478 855 1556 919 dimi-

374 964 461 1028 diata.
506 963 634 1045 capsula
670 963 730 1026 alte
767 962 960 1046 pedioellata,
998 963 1137 1047 elongata
1174 970 1205 1026 et
1241 961 1433 1045 cylindracea
1470 959 1558 1036 (unde
1636 947 1637 964 ¹

374 1085 485 1131 nomen
508 1067 665 1154 generis),
689 1067 788 1130 mollis
811 1067 860 1129 vel
883 1066 1076 1131 mediocriter
1098 1067 1204 1147 solida,
1227 1066 1371 1150 operculo
1387 1066 1496 1128 conice
1516 1063 1560 1125 rel

373 1173 506 1237 breviter
528 1173 753 1256 obliquirostro.
797 1171 1006 1235 Peristominm
1030 1189 1169 1254 parvum;
1192 1172 1303 1234 dentes
1324 1169 1403 1234 inira
1424 1167 1559 1251 capsulae

372 1277 517 1343 orificium
540 1277 638 1357 liberi,
654 1276 934 1340 lineali-lanceolati
948 1283 981 1338 et
996 1282 1102 1338 exacte
1118 1274 1253 1354 lineales,
1270 1281 1389 1338 remote
1405 1273 1560 1350 articulati,

371 1383 452 1446 intus
475 1380 613 1445 obsdlete
635 1380 827 1461 trabeculati,
859 1382 891 1444 in
921 1379 1000 1443 linea
1030 1379 1183 1443 divisurali
1215 1379 1327 1462 integri
1353 1377 1404 1440 vel
1437 1377 1559 1461 pertusi,

370 1488 576 1564 lutescentes,
608 1486 657 1548 vix
678 1485 906 1568 bygroscopici3
938 1501 1104 1567 processus
1135 1483 1257 1546 omnino
1287 1483 1375 1546 liberi
1397 1483 1450 1544 rel
1473 1501 1559 1546 mene

370 1590 462 1654 brana
485 1589 606 1654 basilaei
629 1590 844 1674 angastisaima
859 1589 1023 1672 conjuncti,
1046 1588 1187 1653 dentibus
1202 1587 1387 1672 aequilougi,
1413 1589 1449 1650 in
1464 1589 1560 1652 carina

250 1711 254 1724 ·
371 1695 481 1779 integri
504 1695 552 1758 vel
574 1693 779 1758 dehiscentes.
825 1695 938 1776 Sporac
961 1693 1103 1774 minume,
1127 1692 1417 1777 rulelerrugineae.

369 1798 508 1861 Necherc
530 1805 562 1861 et
583 1796 700 1861 Lethen
723 1798 823 1860 llnnw.
869 1798 1034 1861 Scnwmm
1079 1797 1159 1860 Bnm.

369 1901 513 1966 Entodon
536 1900 569 1964 G.
595 1901 708 1964 litum
731 1902 762 1964 in
783 1901 931 1980 Limnaee,
954 1902 1094 1965 Nechero
1116 1901 1145 1964 in
1170 1901 1308 1982 synopsi.

455 2006 592 2069 Proxime
615 2004 652 2068 ad
674 2023 789 2088 genera
813 2005 930 2068 exotica
953 2004 1098 2068 Eotodon
1119 2013 1151 2067 et
1173 2006 1447 2087 Leptoltyneniaat
1474 2011 1505 2066 et
1525 2003 1559 2067 ad

368 2110 510 2174 nonnulla
532 2111 589 2174 alia
611 2110 649 2174 ab
671 2109 844 2173 auctoribus
866 2109 1023 2191 bucusque
1045 2110 1178 2174 noudum
1194 2109 1422 2190 circunooripta
1434 2107 1558 2173 accedit

366 2215 447 2277 inter
468 2232 619 2298 europaeo
641 2213 841 2297 pulcherrime
864 2212 1045 2277 distinctum.

654 2387 787 2471 Subgen.
813 2388 840 2451 l.
876 2384 1269 2468 ¹Cylindrothecium.

452 2526 553 2590 daulis
575 2526 726 2590 demissus
747 2525 798 2588 ael
827 2525 1010 2608 depressus,
1041 2544 1118 2610 uage
1145 2524 1332 2604 ramulosua,
1367 2525 1559 2590 lascieuleto

363 2628 567 2711 radiculosus,
590 2629 780 2714 planilolius,
803 2630 996 2694 lloresoentia
1019 2629 1173 2710 monoica,
1197 2629 1339 2712 capsulae
1360 2639 1559 2716 aggregatae.

555 2789 559 2794 ’
668 2805 692 2872 l.
722 2803 988 2889 samosateum
1009 2782 1252 2872 cladomblnaast¹

760 2942 842 2998 nect.
861 2943 1050 3008 crassatum
1067 2945 1155 2999 mma.

448 3064 842 3147 Depresso·caespitosum‚
865 3069 1016 3149 caespites
1038 3067 1117 3132 laete
1139 3069 1171 3130 in
1192 3067 1302 3150 apricis
1316 3065 1556 3129 aureo—virides.

363 3167 463 3236 caulis
500 3171 566 3252 plus
604 3171 741 3233 minusve
777 3169 916 3235 distincte
954 3171 1284 3254 pinnato-remulcens.
1337 3169 1418 3233 Folia
1462 3168 1556 3232 laxius

360 3274 524 3340 densiusve
556 3275 944 3358 complanato-imbricata,
977 3277 1036 3342 late
1068 3276 1348 3340 ovato-lanceolata
1378 3283 1410 3339 et
1444 3294 1465 3338 e
1499 3273 1555 3336 late
1636 3345 1637 3348 Ἴ

360 3379 493 3464 oblongo
524 3381 638 3443 sensim
670 3380 719 3443 vel
753 3380 853 3444 subito
882 3380 1172 3446 brevi-acuminato.
1217 3377 1355 3462 Galyptra
1385 3395 1491 3462 usqne
1521 3376 1555 3440 ad
1636 3423 1637 3460 p

319 3489 321 3494 ’
359 3483 500 3565 capsulae
521 3483 630 3547 collum
659 3481 811 3566 producta.
858 3483 985 3566 Capsule
1016 3483 1132 3564 ruinis,
1168 3481 1373 3565 leptoderniu,
1408 3484 1554 3566 operculo
1636 3463 1637 3474 ἵ

359 3589 467 3650 comico
489 3589 610 3652 mutico.
654 3587 824 3652 Peristomii
846 3587 954 3652 dentes
976 3589 1097 3651 inferne
1119 3587 1258 3652 otro-ruli
1273 3587 1396 3673 integri,
1417 3606 1553 3672 superne

358 3690 530 3771 pallidiores
564 3693 741 3775 plerumque
774 3693 928 3772 lacunosi,
967 3693 1078 3755 interni
1109 3709 1272 3776 processus
1305 3692 1407 3776 pallidi
1430 3693 1552 3778 integri.

357 3793 456 3875 hryol.
479 3813 544 3858 eur.
566 3799 602 3878 V,
625 3797 696 3862 Tab.
711 3793 776 3861 468
798 3798 958 3872 (Eotodoo
979 3802 1174 3878 canopoeae).

357 3916 495 3981 Nechero
518 3919 754 3984 clodorrltizdoa
775 3917 977 3998 decumbens,
1009 3919 1101 3983 ramis
1133 3917 1270 3982 distichis
1301 3920 1494 4000 compressis
1516 3917 1551 3981 ab

486 4023 675 4085 extremitate
696 4021 914 4101 radicantibus,
946 4022 1026 4088 foliis
1049 4023 1214 4088 imbricatis
1242 4021 1447 4104 eductulosis‚
1482 4041 1549 4106 spe

486 4129 592 4210 rangio
614 4125 746 4211 oblongo
769 4133 884 4210 erecto,
901 4127 1043 4211 operculo
1061 4127 1170 4192 obtuse
1186 4127 1302 4191 conice.
1340 4125 1444 4192 llsnw.
1462 4129 1549 4210 Spec.

484 4231 578 4294 llusc.
600 4250 630 4314 p.
654 4229 728 4312 207,
751 4240 772 4296 t
794 4229 847 4295 47.

397 4333 477 4399 hato.
500 4333 599 4415 Bryol
623 4335 702 4398 univ.
748 4335 779 4400 0.
803 4335 917 4399 ummo
940 4337 1067 4420 Synops.

354 4439 633 4521 Cylindrotlteciom
662 4439 849 4503 Solicinio-i
885 4441 930 4516 (io
965 4441 1024 4505 tab.
1060 4443 1137 4508 icon.
1169 4441 1314 4505 Entodoa
1349 4447 1544 4524 mopoml.

484 4543 533 4610 lla.
556 4552 589 4608 et
611 4545 676 4608 Sca.
700 4543 799 4626 Brpol.
823 4563 889 4608 eur.
