3140 5372
484 391 657 444 besbeseess.
1105 381 1168 447 m

25 569 112 631 stibus
134 567 376 651 subaequilongl,
398 566 541 630 distincte
563 565 703 645 carinati,
727 565 930 646 lucescentes,
955 565 1062 629 cilielis
1085 519 1168 630 rudi-

25 674 126 736 utariis
148 672 276 756 singulis
298 672 347 734 vel
370 671 469 734 nullis.
515 669 614 752 Bryol.
637 679 702 733 eur.
726 671 762 750 V,
783 670 857 735 ‘'lab.
873 666 937 734 473
960 669 1115 747 (Leslsea).

25 796 89 858 alea
110 802 249 859 resumo
270 812 394 876 repens,
417 793 576 875 implicata,
599 793 722 856 ramulis
739 793 925 875 simplicibus
942 793 1065 872 erectis,
1088 792 1166 856 loliis
1204 781 1208 787 ’

100 899 279 979 imbricatis,
314 899 486 981 spiculatis,
520 898 683 982 sporangio
705 905 824 975 erecto,
858 897 1005 979 operculo
1027 905 1167 961 rostrato.

100 1003 201 1068 lisam
225 1004 274 1086 Sp.
297 1003 392 1067 llusc.
416 1023 443 1086 p.
467 999 541 1082 226,
565 1010 586 1064 t.
610 999 661 1066 55.

24 1107 91 1172 dare.
114 1108 217 1190 Bryol.
240 1110 319 1170 univ.
364 1108 414 1171 Bu.
440 1115 471 1170 et
494 1109 559 1172 Sca.
581 1093 680 1187 Bryol.
704 1124 768 1171 eur.

24 1233 111 1292 praru
134 1219 303 1275 rostratam
326 1211 359 1274 G.
383 1212 498 1275 biduum
522 1211 648 1292 Synops.

56 1335 159 1397 liubit.
184 1335 221 1397 ad
245 1335 386 1400 arborum
410 1333 529 1396 radices
553 1331 643 1394 etad
668 1349 739 1396 saxa
763 1334 898 1398 calcares
932 1336 1089 1413 umbrosa,
1120 1333 1169 1396 bic

24 1457 104 1520 aper
126 1441 289 1522 regionem
318 1438 495 1501 inferiorem
522 1437 590 1520 jugi
613 1436 722 1518 alpini:
755 1437 785 1498 in
808 1437 943 1500 llelvetia
972 1435 1167 1513 (subaudiat)

44 1545 217 1606 Somaacasn
240 1543 323 1626 legit,
347 1543 377 1604 in
402 1541 563 1622 Pyrenaeis
587 1541 734 1619 (smum),
758 1543 788 1602 in
812 1541 960 1605 Garniolia
979 1543 1168 1620 (Sermusa),

24 1653 109 1713 aviae
135 1649 174 1716 ad
198 1650 318 1713 radices
342 1669 380 1710 m.
406 1648 606 1727 Mdncbsbery
630 1653 661 1708 et
677 1645 900 1726 Oseulocbbery
916 1646 965 1708 ubi
981 1646 1058 1710 duee
1074 1649 1169 1710 amieo

23 1773 77 1816 rrae
109 1756 179 1837 ipse
213 1755 281 1818 vidi.
326 1753 358 1814 ln
393 1752 512 1832 Europa
545 1749 704 1832 bucusque
739 1757 853 1812 tautum
885 1751 999 1814 sterilis
1017 1728 1170 1834 ‘repertus

23 1859 79 1936 ‚in
104 1857 250 1921 Anaetica
274 1864 350 1940 sept.
374 1857 526 1919 uberrime
551 1854 732 1918 fructificans
755 1855 902 1936 provenit.

55 1965 160 2026 Fmsct.
186 1971 298 2024 melus.
322 1961 419 2043 primo
441 1979 525 2024 vere.
977 1957 978 1965 ’

38 2083 142 2136 Plantae
159 2085 283 2150 juniores
300 2084 397 2138 uuncis
415 2081 457 2134 vel
477 2081 604 2149 lapidibus
623 2091 694 2136 arcte
706 2083 831 2150 adrepunt
844 2085 1021 2153 caespitasqae
1034 2085 1171 2152 depressos

23 2181 76 2222 eet
96 2171 300 2224 luteo-virides
323 2171 453 2236 elliciuat,
481 2172 631 2222 annosiores
657 2171 814 2236 asceudant,
842 2170 1007 2224 fasciculam
1031 2173 1168 2239 gignuntur

23 2261 146 2328 spitesquc
167 2259 342 2311 condensatos
361 2260 469 2312 formant
485 2258 587 2310 inferne
605 2257 754 2310 cebraceos.

33 2345 159 2399 llamilier
179 2355 206 2398 et
224 2346 339 2398 tenerior
356 2361 431 2414 quam
451 2354 570 2398 caeterae
588 2345 691 2412 generis
709 2346 820 2410 species,
838 2353 904 2396 statu
921 2345 1022 2410 Junierc
1044 2348 1172 2402 iuhemus

23 2435 98 2486 diens.
138 2433 220 2484 Solae
241 2430 344 2499 plautae
364 2433 490 2483 femineae
508 2434 535 2483 in
553 2431 656 2498 Europa
675 2430 827 2483 observatae
846 2441 911 2484 suut.

352 2641 380 2708 2
410 2641 584 2710 laomodna
607 2639 793 2722 longilollus.

363 2798 497 2868 Plaragen.
518 2799 636 2868 longifel.
655 2799 781 2854 Semnum

45 2940 284 3017 Gracileseens‚
310 2939 375 3002 laxe
398 2941 597 3024 caespitosus.
644 2941 752 3006 caules
773 2934 943 3005 secundarii
961 2943 1066 3022 erecti,
1090 2943 1172 3026 longi

22 3043 130 3108 draro
156 3043 331 3124 ulilornes,
355 3063 431 3128 vage
455 3044 811 3109 etlascieulato·ramesi
834 3047 1039 3125 aerumnosi,
1063 3049 1168 3110 ramuli

22 3147 195 3211 ellilermes
221 3147 417 3229 micropbylli.
463 3151 544 3212 Folia
568 3150 820 3233 flexuose-patula
844 3159 874 3214 et
897 3151 1108 3231 subsecanda,
1133 3171 1171 3214 ex

22 3253 132 3315 abasi
159 3249 477 3333 lineali-lanceolata,
502 3263 604 3333 acula,
633 3255 699 3317 basi
722 3255 853 3334 bisulca,
889 3261 1061 3320 cusiacum
1086 3257 1171 3336 apice

22 3356 96 3434 aida3
123 3355 205 3420 lolia
230 3354 452 3436 periebaetialia
475 3356 593 3439 pallida,
621 3359 766 3421 interiora
790 3359 819 3420 in
843 3359 979 3422 subulam
1003 3359 1168 3422 flexuosam

22 3461 107 3538 antia,
136 3460 372 3522 tenui-castata.
419 3461 545 3541 capsula
568 3463 598 3524 iu
622 3461 772 3544 pedicello
794 3481 894 3526 ramos
914 3463 992 3526 baud
1009 3469 1171 3545 superante

22 3565 40 3625 ri
56 3565 203 3627 siccitate
222 3581 357 3644 superne
373 3563 566 3629 dextrorsum
583 3574 662 3631 torto
680 3569 802 3648 minuta,
823 3569 1170 3652 oblongo-cylindracea,

22 3669 157 3746 anulata,
186 3667 387 3750 ferruginea,
421 3669 547 3732 rastello
570 3679 700 3753 anguste
724 3673 830 3734 conice
853 3673 900 3734 vel
924 3673 1170 3740 subrostrilormi.

22 3771 168 3836 istomium
196 3772 372 3854 parvulum,
407 3773 519 3836 interni
540 3791 704 3854 processus
728 3775 758 3837 in
790 3777 963 3840 membrana
987 3789 1170 3861 perangusta

22 3875 132 3938 lennes
159 3878 291 3940 breves.

22 4001 253 4079 dppncndrasm
275 4000 469 4079 lcnpiseliom
493 4001 636 4062 Scasuson.
661 3999 745 4065 Ceut.
771 4003 809 4064 Pl.
834 4001 943 4065 belvel.
969 4003 1016 4084 lv,
1041 4005 1095 4068 No.
1118 4003 1149 4070 8.

22 4107 108 4166 anund.
133 4103 256 4184 lonpis.
281 4102 417 4166 Hsarr‘am
441 4103 551 4168 Slaud.
575 4105 615 4168 Fl.
641 4105 688 4170 ed.
712 4107 739 4170 5.
785 4107 836 4170 Ba.
854 4115 885 4169 et
901 4109 966 4172 Seu.
982 4108 1080 4190 Bryel.
1105 4128 1169 4172 eur.

86 4209 217 4272 ll'nseu
245 4205 344 4288 Bryol.
368 4205 439 4269 Brit.
1045 4237 1049 4244 ·

22 4333 56 4374 aa.
80 4315 195 4394 inopis.
224 4311 261 4374 G.
285 4309 399 4374 llbuau
424 4311 552 4393 Synops.

50 4435 147 4498 liubit.
174 4437 208 4498 iu
238 4431 394 4513 sylvatieis
416 4435 554 4515 regionis
579 4438 755 4516 aaarapcstris
778 4444 808 4497 et
833 4443 991 4500 montanae
1016 4437 1169 4500 inierioris

24 4541 158 4603 arborum
185 4535 316 4602 radices
340 4544 370 4598 et
392 4534 429 4600 ad
454 4555 526 4602 saxa
550 4547 580 4602 et
614 4549 724 4602 terram
759 4540 921 4621 lapidosam
952 4559 1046 4606 zenae
1074 4541 1168 4603 inter-
