<?xml version="1.0" encoding="UTF-8"?>
<!DOCTYPE html PUBLIC "-//W3C//DTD XHTML 1.0 Transitional//EN"
    "http://www.w3.org/TR/xhtml1/DTD/xhtml1-transitional.dtd">
<html xmlns="http://www.w3.org/1999/xhtml" xml:lang="en" lang="en">
 <head>
  <title>
</title>
<meta http-equiv="Content-Type" content="text/html;charset=utf-8" />
  <meta name='ocr-system' content='tesseract 3.04.00' />
  <meta name='ocr-capabilities' content='ocr_page ocr_carea ocr_par ocr_line ocrx_word'/>
</head>
<body>
  <div class='ocr_page' id='page_1' title='image "./synopsismuscoru01schigoog_0345.png"; bbox 0 0 3104 5364; ppageno 0'>
   <div class='ocr_carea' id='block_1_1' title="bbox 879 349 1031 401">
    <p class='ocr_par' dir='ltr' id='par_1_1' title="bbox 879 349 1031 401">
     <span class='ocr_line' id='line_1_1' title="bbox 879 349 1031 401; baseline 0.007 -2"><span class='ocrx_word' id='word_1_1' title='bbox 879 349 1031 401; x_wconf 67' lang='grc' dir='ltr'><strong>Ιίιῐιὶειψιιι·Ι</strong></span> 
     </span>
    </p>
   </div>
   <div class='ocr_carea' id='block_1_2' title="bbox 707 523 1187 592">
    <p class='ocr_par' dir='ltr' id='par_1_2' title="bbox 707 523 1187 592">
     <span class='ocr_line' id='line_1_2' title="bbox 707 523 1187 592; baseline -0.004 0"><span class='ocrx_word' id='word_1_2' title='bbox 707 527 736 592; x_wconf 75' lang='lat' dir='ltr'><strong>o.</strong></span> <span class='ocrx_word' id='word_1_3' title='bbox 780 524 915 592; x_wconf 75' lang='lat' dir='ltr'><strong>bubula</strong></span> <span class='ocrx_word' id='word_1_4' title='bbox 935 523 1187 592; x_wconf 76' lang='lat' dir='ltr'><strong>ncnbrautlolla.</strong></span> 
     </span>
    </p>
   </div>
   <div class='ocr_carea' id='block_1_3' title="bbox 436 647 1550 837">
    <p class='ocr_par' dir='ltr' id='par_1_3' title="bbox 436 631 1550 837">
     <span class='ocr_line' id='line_1_3' title="bbox 818 647 1084 702; baseline -0.001 -1"><span class='ocrx_word' id='word_1_5' title='bbox 818 647 898 702; x_wconf 78' lang='lat' dir='ltr'><strong>Heus.</strong></span> <span class='ocrx_word' id='word_1_6' title='bbox 917 647 997 701; x_wconf 80' lang='lat' dir='ltr'><strong>llusci</strong></span> <span class='ocrx_word' id='word_1_7' title='bbox 1016 657 1084 701; x_wconf 84' lang='lat' dir='ltr'><strong>exat.</strong></span> 
     </span>
     <span class='ocr_line' id='line_1_4' title="bbox 436 741 1550 837; baseline -0.002 -21"><span class='ocrx_word' id='word_1_8' title='bbox 436 753 587 816; x_wconf 83' lang='lat' dir='ltr'><strong>l&#39;ulvinata</strong></span> <span class='ocrx_word' id='word_1_9' title='bbox 611 754 657 817; x_wconf 84' lang='lat' dir='ltr'><strong>vel</strong></span> <span class='ocrx_word' id='word_1_10' title='bbox 682 753 780 818; x_wconf 90' lang='lat' dir='ltr'><strong>dense</strong></span> <span class='ocrx_word' id='word_1_11' title='bbox 810 754 1169 836; x_wconf 71' lang='lat' dir='ltr'><strong>pulvinata-caespitem,</strong></span> <span class='ocrx_word' id='word_1_12' title='bbox 1201 753 1315 837; x_wconf 82' lang='lat' dir='ltr'><strong>pulvini</strong></span> <span class='ocrx_word' id='word_1_13' title='bbox 1337 753 1405 836; x_wconf 81' lang='lat' dir='ltr'><strong>pilis</strong></span> <span class='ocrx_word' id='word_1_14' title='bbox 1426 741 1550 814; x_wconf 53' lang='lat' dir='ltr'><strong>hirsuti*</strong></span> 
     </span>
    </p>
   </div>
   <div class='ocr_carea' id='block_1_4' title="bbox 346 857 1550 1987">
    <p class='ocr_par' dir='ltr' id='par_1_4' title="bbox 346 857 1550 1987">
     <span class='ocr_line' id='line_1_5' title="bbox 346 857 1550 941; baseline -0.001 -22"><span class='ocrx_word' id='word_1_15' title='bbox 346 857 465 938; x_wconf 86' lang='lat' dir='ltr'><strong>incani,</strong></span> <span class='ocrx_word' id='word_1_16' title='bbox 502 858 583 920; x_wconf 76' lang='lat' dir='ltr'><strong>intras</strong></span> <span class='ocrx_word' id='word_1_17' title='bbox 613 857 756 922; x_wconf 88' lang='lat' dir='ltr'><strong>radiculis</strong></span> <span class='ocrx_word' id='word_1_18' title='bbox 787 859 861 922; x_wconf 87' lang='lat' dir='ltr'><strong>ruiis</strong></span> <span class='ocrx_word' id='word_1_19' title='bbox 883 859 1049 924; x_wconf 85' lang='lat' dir='ltr'><strong>intertexti.</strong></span> <span class='ocrx_word' id='word_1_20' title='bbox 1095 857 1196 923; x_wconf 79' lang='lat' dir='ltr'><strong>Caelis</strong></span> <span class='ocrx_word' id='word_1_21' title='bbox 1224 858 1355 941; x_wconf 77' lang='lat' dir='ltr'><strong>simplex</strong></span> <span class='ocrx_word' id='word_1_22' title='bbox 1382 859 1431 920; x_wconf 83' lang='lat' dir='ltr'><strong>vel</strong></span> <span class='ocrx_word' id='word_1_23' title='bbox 1465 857 1550 918; x_wconf 66' lang='lat' dir='ltr'><strong>iam</strong></span> 
     </span>
     <span class='ocr_line' id='line_1_6' title="bbox 346 913 1550 1076; baseline -0.002 -50"><span class='ocrx_word' id='word_1_24' title='bbox 346 962 444 1026; x_wconf 82' lang='lat' dir='ltr'><strong>vando</strong></span> <span class='ocrx_word' id='word_1_25' title='bbox 467 979 620 1044; x_wconf 89' lang='lat' dir='ltr'><strong>ramosus,</strong></span> <span class='ocrx_word' id='word_1_26' title='bbox 645 965 853 1028; x_wconf 87' lang='lat' dir='ltr'><strong>semiuncielis</strong></span> <span class='ocrx_word' id='word_1_27' title='bbox 876 972 908 1028; x_wconf 88' lang='lat' dir='ltr'><strong>et</strong></span> <span class='ocrx_word' id='word_1_28' title='bbox 922 964 1060 1029; x_wconf 79' lang='lat' dir='ltr'><strong>uncialis,</strong></span> <span class='ocrx_word' id='word_1_29' title='bbox 1098 965 1180 1028; x_wconf 86' lang='lat' dir='ltr'><strong>Folia</strong></span> <span class='ocrx_word' id='word_1_30' title='bbox 1196 963 1453 1045; x_wconf 84' lang='lat' dir='ltr'><strong>erecto-patentia</strong></span> <span class='ocrx_word' id='word_1_31' title='bbox 1472 913 1550 1076; x_wconf 50' lang='lat' dir='ltr'><strong>sin-d</strong></span> 
     </span>
     <span class='ocr_line' id='line_1_7' title="bbox 347 1066 1546 1150; baseline 0 -20"><span class='ocrx_word' id='word_1_32' title='bbox 347 1067 521 1147; x_wconf 87' lang='lat' dir='ltr'><strong>imbricata,</strong></span> <span class='ocrx_word' id='word_1_33' title='bbox 544 1066 606 1130; x_wconf 87' lang='lat' dir='ltr'><strong>late</strong></span> <span class='ocrx_word' id='word_1_34' title='bbox 630 1075 732 1132; x_wconf 90' lang='lat' dir='ltr'><strong>ovato·</strong></span> <span class='ocrx_word' id='word_1_35' title='bbox 756 1076 788 1132; x_wconf 88' lang='lat' dir='ltr'><strong>et</strong></span> <span class='ocrx_word' id='word_1_36' title='bbox 810 1071 870 1132; x_wconf 88' lang='lat' dir='ltr'><strong>late</strong></span> <span class='ocrx_word' id='word_1_37' title='bbox 893 1067 1227 1150; x_wconf 83' lang='lat' dir='ltr'><strong>oblongo-lanceolata,</strong></span> <span class='ocrx_word' id='word_1_38' title='bbox 1250 1085 1391 1148; x_wconf 86' lang='lat' dir='ltr'><strong>coucam,</strong></span> <span class='ocrx_word' id='word_1_39' title='bbox 1416 1087 1458 1130; x_wconf 85' lang='grc' dir='ltr'><strong>ιιι</strong></span> <span class='ocrx_word' id='word_1_40' title='bbox 1492 1094 1546 1142; x_wconf 61' lang='lat'><strong>3.</strong></span> 
     </span>
     <span class='ocr_line' id='line_1_8' title="bbox 348 1171 1549 1254; baseline -0.002 -20"><span class='ocrx_word' id='word_1_41' title='bbox 348 1172 452 1254; x_wconf 89' lang='lat' dir='ltr'><strong>plana,</strong></span> <span class='ocrx_word' id='word_1_42' title='bbox 478 1173 564 1254; x_wconf 87' lang='lat' dir='ltr'><strong>apice</strong></span> <span class='ocrx_word' id='word_1_43' title='bbox 587 1173 818 1238; x_wconf 88' lang='lat' dir='ltr'><strong>membranacea</strong></span> <span class='ocrx_word' id='word_1_44' title='bbox 841 1171 1015 1237; x_wconf 88' lang='lat' dir='ltr'><strong>decolorata</strong></span> <span class='ocrx_word' id='word_1_45' title='bbox 1039 1171 1170 1252; x_wconf 85' lang='lat' dir='ltr'><strong>dentata,</strong></span> <span class='ocrx_word' id='word_1_46' title='bbox 1193 1179 1278 1236; x_wconf 88' lang='lat' dir='ltr'><strong>costa</strong></span> <span class='ocrx_word' id='word_1_47' title='bbox 1302 1179 1401 1235; x_wconf 85' lang='lat' dir='ltr'><strong>aetate</strong></span> <span class='ocrx_word' id='word_1_48' title='bbox 1423 1171 1549 1232; x_wconf 81' lang='lat' dir='ltr'><strong>mbcu</strong></span> 
     </span>
     <span class='ocr_line' id='line_1_9' title="bbox 347 1275 1546 1360; baseline -0.002 -20"><span class='ocrx_word' id='word_1_49' title='bbox 347 1279 378 1340; x_wconf 93' lang='lat' dir='ltr'><strong>in</strong></span> <span class='ocrx_word' id='word_1_50' title='bbox 402 1276 524 1340; x_wconf 78' lang='lat' dir='ltr'><strong>aristam</strong></span> <span class='ocrx_word' id='word_1_51' title='bbox 546 1277 667 1360; x_wconf 83' lang='lat' dir='ltr'><strong>longam</strong></span> <span class='ocrx_word' id='word_1_52' title='bbox 690 1277 826 1342; x_wconf 81' lang='lat' dir='ltr'><strong>incanam</strong></span> <span class='ocrx_word' id='word_1_53' title='bbox 842 1277 997 1360; x_wconf 90' lang='lat' dir='ltr'><strong>producta.</strong></span> <span class='ocrx_word' id='word_1_54' title='bbox 1043 1277 1147 1341; x_wconf 81' lang='lat' dir='ltr'><strong>Floras</strong></span> <span class='ocrx_word' id='word_1_55' title='bbox 1164 1275 1312 1356; x_wconf 89' lang='lat' dir='ltr'><strong>monoici,</strong></span> <span class='ocrx_word' id='word_1_56' title='bbox 1341 1275 1501 1338; x_wconf 84' lang='lat' dir='ltr'><strong>masculus</strong></span> <span class='ocrx_word' id='word_1_57' title='bbox 1534 1308 1546 1327; x_wconf 67' lang='lat'><strong>·1</strong></span> 
     </span>
     <span class='ocr_line' id='line_1_10' title="bbox 347 1379 1546 1464; baseline -0.003 -19"><span class='ocrx_word' id='word_1_58' title='bbox 347 1381 455 1445; x_wconf 85' lang='lat' dir='ltr'><strong>vicinia</strong></span> <span class='ocrx_word' id='word_1_59' title='bbox 483 1381 622 1462; x_wconf 75' lang='lat' dir='ltr'><strong>feminei,</strong></span> <span class='ocrx_word' id='word_1_60' title='bbox 652 1381 860 1464; x_wconf 79' lang='lat' dir='ltr'><strong>monopbyllus</strong></span> <span class='ocrx_word' id='word_1_61' title='bbox 892 1381 940 1444; x_wconf 88' lang='lat' dir='ltr'><strong>vel</strong></span> <span class='ocrx_word' id='word_1_62' title='bbox 970 1380 1129 1464; x_wconf 68' lang='lat' dir='ltr'><strong>dipbpllus.</strong></span> <span class='ocrx_word' id='word_1_63' title='bbox 1184 1380 1313 1463; x_wconf 77' lang='lat' dir='ltr'><strong>capsula</strong></span> <span class='ocrx_word' id='word_1_64' title='bbox 1343 1381 1373 1442; x_wconf 92' lang='lat' dir='ltr'><strong>in</strong></span> <span class='ocrx_word' id='word_1_65' title='bbox 1402 1379 1546 1463; x_wconf 79' lang='lat' dir='ltr'><strong>pcdicsll</strong></span> 
     </span>
     <span class='ocr_line' id='line_1_11' title="bbox 348 1483 1518 1570; baseline 0 -22"><span class='ocrx_word' id='word_1_66' title='bbox 348 1484 418 1548; x_wconf 86' lang='lat' dir='ltr'><strong>rulo</strong></span> <span class='ocrx_word' id='word_1_67' title='bbox 456 1483 653 1549; x_wconf 90' lang='lat' dir='ltr'><strong>solidiusculo</strong></span> <span class='ocrx_word' id='word_1_68' title='bbox 685 1491 787 1550; x_wconf 89' lang='lat' dir='ltr'><strong>erecta</strong></span> <span class='ocrx_word' id='word_1_69' title='bbox 824 1485 1071 1568; x_wconf 90' lang='lat' dir='ltr'><strong>ovato-clliptica</strong></span> <span class='ocrx_word' id='word_1_70' title='bbox 1107 1484 1174 1568; x_wconf 90' lang='lat' dir='ltr'><strong>plus</strong></span> <span class='ocrx_word' id='word_1_71' title='bbox 1212 1485 1351 1548; x_wconf 80' lang='lat' dir='ltr'><strong>minusue</strong></span> <span class='ocrx_word' id='word_1_72' title='bbox 1380 1493 1518 1570; x_wconf 72' lang='lat' dir='ltr'><strong>angusta</strong></span> 
     </span>
     <span class='ocr_line' id='line_1_12' title="bbox 349 1589 1510 1672; baseline 0.003 -20"><span class='ocrx_word' id='word_1_73' title='bbox 349 1590 461 1653; x_wconf 90' lang='lat' dir='ltr'><strong>leniter</strong></span> <span class='ocrx_word' id='word_1_74' title='bbox 483 1589 628 1670; x_wconf 80' lang='lat' dir='ltr'><strong>incurva,</strong></span> <span class='ocrx_word' id='word_1_75' title='bbox 658 1607 729 1652; x_wconf 88' lang='lat' dir='ltr'><strong>raro</strong></span> <span class='ocrx_word' id='word_1_76' title='bbox 754 1597 861 1655; x_wconf 85' lang='lat' dir='ltr'><strong>exacte</strong></span> <span class='ocrx_word' id='word_1_77' title='bbox 885 1589 1041 1672; x_wconf 82' lang='lat' dir='ltr'><strong>aequalis,</strong></span> <span class='ocrx_word' id='word_1_78' title='bbox 1065 1597 1181 1654; x_wconf 86' lang='lat' dir='ltr'><strong>matura</strong></span> <span class='ocrx_word' id='word_1_79' title='bbox 1205 1589 1290 1654; x_wconf 84' lang='lat' dir='ltr'><strong>lusca</strong></span> <span class='ocrx_word' id='word_1_80' title='bbox 1314 1589 1442 1654; x_wconf 84' lang='lat' dir='ltr'><strong>tandem</strong></span> <span class='ocrx_word' id='word_1_81' title='bbox 1469 1591 1510 1654; x_wconf 91' lang='lat' dir='ltr'><strong>n&#39;·</strong></span> 
     </span>
     <span class='ocr_line' id='line_1_13' title="bbox 350 1693 1517 1777; baseline 0 -19"><span class='ocrx_word' id='word_1_82' title='bbox 350 1711 432 1758; x_wconf 90' lang='lat' dir='ltr'><strong>cans.</strong></span> <span class='ocrx_word' id='word_1_83' title='bbox 480 1693 621 1777; x_wconf 79' lang='lat' dir='ltr'><strong>Calyptra</strong></span> <span class='ocrx_word' id='word_1_84' title='bbox 644 1694 681 1760; x_wconf 88' lang='lat' dir='ltr'><strong>ud</strong></span> <span class='ocrx_word' id='word_1_85' title='bbox 713 1693 841 1758; x_wconf 88' lang='lat' dir='ltr'><strong>mediam</strong></span> <span class='ocrx_word' id='word_1_86' title='bbox 869 1694 1021 1776; x_wconf 83' lang='lat' dir='ltr'><strong>capsulam</strong></span> <span class='ocrx_word' id='word_1_87' title='bbox 1048 1693 1203 1776; x_wconf 85' lang='lat' dir='ltr'><strong>producta.</strong></span> <span class='ocrx_word' id='word_1_88' title='bbox 1251 1693 1442 1776; x_wconf 87' lang='lat' dir='ltr'><strong>Operculum</strong></span> <span class='ocrx_word' id='word_1_89' title='bbox 1473 1721 1517 1749; x_wconf 66' lang='grc' dir='ltr'><strong>ἰ·</strong></span> 
     </span>
     <span class='ocr_line' id='line_1_14' title="bbox 349 1797 1548 1881; baseline -0.001 -20"><span class='ocrx_word' id='word_1_90' title='bbox 349 1805 448 1880; x_wconf 88' lang='lat' dir='ltr'><strong>stum,</strong></span> <span class='ocrx_word' id='word_1_91' title='bbox 479 1805 582 1864; x_wconf 89' lang='lat' dir='ltr'><strong>rostro</strong></span> <span class='ocrx_word' id='word_1_92' title='bbox 614 1798 759 1864; x_wconf 87' lang='lat' dir='ltr'><strong>mediocri</strong></span> <span class='ocrx_word' id='word_1_93' title='bbox 793 1799 983 1862; x_wconf 88' lang='lat' dir='ltr'><strong>instructum.</strong></span> <span class='ocrx_word' id='word_1_94' title='bbox 1029 1797 1169 1864; x_wconf 79' lang='lat' dir='ltr'><strong>Annuus</strong></span> <span class='ocrx_word' id='word_1_95' title='bbox 1197 1799 1335 1881; x_wconf 72' lang='lat' dir='ltr'><strong>simplem</strong></span> <span class='ocrx_word' id='word_1_96' title='bbox 1383 1799 1548 1863; x_wconf 83' lang='lat' dir='ltr'><strong>Peristcmi</strong></span> 
     </span>
     <span class='ocr_line' id='line_1_15' title="bbox 349 1902 1522 1987; baseline 0 -21"><span class='ocrx_word' id='word_1_97' title='bbox 349 1903 459 1971; x_wconf 83' lang='lat' dir='ltr'><strong>dentes</strong></span> <span class='ocrx_word' id='word_1_98' title='bbox 482 1902 745 1970; x_wconf 81' lang='lat' dir='ltr'><strong>convolutionibus</strong></span> <span class='ocrx_word' id='word_1_99' title='bbox 769 1904 864 1968; x_wconf 88' lang='lat' dir='ltr'><strong>tribus</strong></span> <span class='ocrx_word' id='word_1_100' title='bbox 887 1905 1086 1987; x_wconf 83' lang='lat' dir='ltr'><strong>contorquati.</strong></span> <span class='ocrx_word' id='word_1_101' title='bbox 1131 1903 1230 1985; x_wconf 79' lang='lat' dir='ltr'><strong>Bryol.</strong></span> <span class='ocrx_word' id='word_1_102' title='bbox 1247 1921 1314 1966; x_wconf 89' lang='lat' dir='ltr'><strong>eur.</strong></span> <span class='ocrx_word' id='word_1_103' title='bbox 1338 1903 1376 1982; x_wconf 90' lang='lat' dir='ltr'><strong>ll,</strong></span> <span class='ocrx_word' id='word_1_104' title='bbox 1399 1905 1439 1968; x_wconf 84' lang='grc' dir='ltr'><strong>Τ.</strong></span> <span class='ocrx_word' id='word_1_105' title='bbox 1462 1903 1522 1967; x_wconf 73' lang='lat' dir='ltr'><strong>llo</strong></span> 
     </span>
    </p>
   </div>
   <div class='ocr_carea' id='block_1_5' title="bbox 350 2025 1547 3680">
    <p class='ocr_par' dir='ltr' id='par_1_5' title="bbox 353 2025 1549 2320">
     <span class='ocr_line' id='line_1_16' title="bbox 353 2025 1513 2108; baseline -0.001 -19"><span class='ocrx_word' id='word_1_106' title='bbox 353 2027 480 2090; x_wconf 74' lang='lat' dir='ltr'><strong>Portalu</strong></span> <span class='ocrx_word' id='word_1_107' title='bbox 501 2027 769 2108; x_wconf 78' lang='lat' dir='ltr'><strong>membraniselia,</strong></span> <span class='ocrx_word' id='word_1_108' title='bbox 792 2025 982 2106; x_wconf 87' lang='lat' dir='ltr'><strong>subacaulis,</strong></span> <span class='ocrx_word' id='word_1_109' title='bbox 1006 2026 1087 2089; x_wconf 88' lang='lat' dir='ltr'><strong>loliis</strong></span> <span class='ocrx_word' id='word_1_110' title='bbox 1111 2025 1171 2088; x_wconf 88' lang='lat' dir='ltr'><strong>late</strong></span> <span class='ocrx_word' id='word_1_111' title='bbox 1193 2027 1291 2088; x_wconf 81' lang='lat' dir='ltr'><strong>oratis</strong></span> <span class='ocrx_word' id='word_1_112' title='bbox 1315 2025 1549 2090; x_wconf 73' lang='lat' dir='ltr'><strong>membranas-&#39;-</strong></span> 
     </span>
     <span class='ocr_line' id='line_1_17' title="bbox 479 2128 1536 2214; baseline 0 -20"><span class='ocrx_word' id='word_1_113' title='bbox 479 2129 584 2207; x_wconf 88' lang='lat' dir='ltr'><strong>(albis)</strong></span> <span class='ocrx_word' id='word_1_114' title='bbox 607 2131 699 2214; x_wconf 80' lang='lat' dir='ltr'><strong>longe</strong></span> <span class='ocrx_word' id='word_1_115' title='bbox 722 2131 871 2213; x_wconf 88' lang='lat' dir='ltr'><strong>pililcris‚</strong></span> <span class='ocrx_word' id='word_1_116' title='bbox 906 2147 1003 2193; x_wconf 89' lang='lat' dir='ltr'><strong>nervo</strong></span> <span class='ocrx_word' id='word_1_117' title='bbox 1026 2128 1142 2206; x_wconf 88' lang='lat' dir='ltr'><strong>(viridi)</strong></span> <span class='ocrx_word' id='word_1_118' title='bbox 1165 2130 1332 2212; x_wconf 88' lang='lat' dir='ltr'><strong>latissimo,</strong></span> <span class='ocrx_word' id='word_1_119' title='bbox 1355 2132 1489 2214; x_wconf 85' lang='lat' dir='ltr'><strong>capsula</strong></span> <span class='ocrx_word' id='word_1_120' title='bbox 1516 2158 1536 2185; x_wconf 64' lang='lat' dir='ltr'><strong>c</strong></span> 
     </span>
     <span class='ocr_line' id='line_1_18' title="bbox 480 2233 1516 2320; baseline -0.002 -22"><span class='ocrx_word' id='word_1_121' title='bbox 480 2236 583 2320; x_wconf 80' lang='lat' dir='ltr'><strong>longa,</strong></span> <span class='ocrx_word' id='word_1_122' title='bbox 605 2236 750 2318; x_wconf 90' lang='lat' dir='ltr'><strong>operculo</strong></span> <span class='ocrx_word' id='word_1_123' title='bbox 773 2241 914 2300; x_wconf 90' lang='lat' dir='ltr'><strong>rostrato.</strong></span> <span class='ocrx_word' id='word_1_124' title='bbox 964 2235 1060 2300; x_wconf 82' lang='lat' dir='ltr'><strong>Hoos.</strong></span> <span class='ocrx_word' id='word_1_125' title='bbox 1084 2233 1179 2297; x_wconf 87' lang='lat' dir='ltr'><strong>blusc.</strong></span> <span class='ocrx_word' id='word_1_126' title='bbox 1204 2243 1286 2299; x_wconf 87' lang='lat' dir='ltr'><strong>exet.</strong></span> <span class='ocrx_word' id='word_1_127' title='bbox 1312 2237 1336 2316; x_wconf 92' lang='lat' dir='ltr'><strong>l,</strong></span> <span class='ocrx_word' id='word_1_128' title='bbox 1361 2234 1442 2300; x_wconf 80' lang='lat' dir='ltr'><strong>Tab.</strong></span> <span class='ocrx_word' id='word_1_129' title='bbox 1468 2237 1516 2300; x_wconf 74' lang='lat'><strong>2⁶.</strong></span> 
     </span>
    </p>

    <p class='ocr_par' dir='ltr' id='par_1_6' title="bbox 350 2337 1544 2527">
     <span class='ocr_line' id='line_1_19' title="bbox 350 2337 1544 2422; baseline 0 -17"><span class='ocrx_word' id='word_1_130' title='bbox 350 2339 445 2407; x_wconf 78' lang='lat' dir='ltr'><strong>earo.</strong></span> <span class='ocrx_word' id='word_1_131' title='bbox 468 2341 718 2422; x_wconf 77' lang='lat' dir='ltr'><strong>membranisoliu</strong></span> <span class='ocrx_word' id='word_1_132' title='bbox 740 2340 865 2405; x_wconf 79' lang='lat' dir='ltr'><strong>Sceurrz</strong></span> <span class='ocrx_word' id='word_1_133' title='bbox 888 2338 1019 2404; x_wconf 82' lang='lat' dir='ltr'><strong>Recens.</strong></span> <span class='ocrx_word' id='word_1_134' title='bbox 1065 2339 1110 2402; x_wconf 79' lang='lat' dir='ltr'><strong>De</strong></span> <span class='ocrx_word' id='word_1_135' title='bbox 1132 2337 1270 2405; x_wconf 80' lang='lat' dir='ltr'><strong>Norams.</strong></span> <span class='ocrx_word' id='word_1_136' title='bbox 1316 2340 1408 2404; x_wconf 82' lang='lat' dir='ltr'><strong>Bace.</strong></span> <span class='ocrx_word' id='word_1_137' title='bbox 1434 2351 1467 2406; x_wconf 88' lang='lat' dir='ltr'><strong>el</strong></span> <span class='ocrx_word' id='word_1_138' title='bbox 1484 2345 1544 2405; x_wconf 75' lang='lat' dir='ltr'><strong>Sam</strong></span> 
     </span>
     <span class='ocr_line' id='line_1_20' title="bbox 481 2443 1039 2527; baseline -0.007 -19"><span class='ocrx_word' id='word_1_139' title='bbox 481 2443 580 2526; x_wconf 74' lang='lat' dir='ltr'><strong>umal.</strong></span> <span class='ocrx_word' id='word_1_140' title='bbox 603 2463 669 2510; x_wconf 87' lang='lat' dir='ltr'><strong>eur.</strong></span> <span class='ocrx_word' id='word_1_141' title='bbox 715 2445 747 2509; x_wconf 81' lang='lat' dir='ltr'><strong>C.</strong></span> <span class='ocrx_word' id='word_1_142' title='bbox 771 2444 888 2510; x_wconf 78' lang='lat' dir='ltr'><strong>Morum</strong></span> <span class='ocrx_word' id='word_1_143' title='bbox 912 2444 1039 2527; x_wconf 74' lang='lat' dir='ltr'><strong>synope.</strong></span> 
     </span>
    </p>

    <p class='ocr_par' dir='ltr' id='par_1_7' title="bbox 350 2547 1529 2630">
     <span class='ocr_line' id='line_1_21' title="bbox 350 2547 1529 2630; baseline -0.001 -18"><span class='ocrx_word' id='word_1_144' title='bbox 350 2549 388 2612; x_wconf 84' lang='lat' dir='ltr'><strong>B.</strong></span> <span class='ocrx_word' id='word_1_145' title='bbox 412 2549 609 2614; x_wconf 78' lang='lat' dir='ltr'><strong>altercantes</strong></span> <span class='ocrx_word' id='word_1_146' title='bbox 631 2549 712 2616; x_wconf 87' lang='lat' dir='ltr'><strong>Bam.</strong></span> <span class='ocrx_word' id='word_1_147' title='bbox 734 2549 782 2618; x_wconf 87' lang='lat' dir='ltr'><strong>Br.</strong></span> <span class='ocrx_word' id='word_1_148' title='bbox 806 2551 886 2616; x_wconf 82' lang='lat' dir='ltr'><strong>univ.</strong></span> <span class='ocrx_word' id='word_1_149' title='bbox 911 2549 1005 2626; x_wconf 86' lang='lat' dir='ltr'><strong>(exal.</strong></span> <span class='ocrx_word' id='word_1_150' title='bbox 1028 2565 1094 2630; x_wconf 77' lang='lat' dir='ltr'><strong>syn.</strong></span> <span class='ocrx_word' id='word_1_151' title='bbox 1119 2547 1155 2610; x_wconf 85' lang='lat' dir='ltr'><strong>B.</strong></span> <span class='ocrx_word' id='word_1_152' title='bbox 1180 2548 1353 2614; x_wconf 83' lang='lat' dir='ltr'><strong>cltlareact.</strong></span> <span class='ocrx_word' id='word_1_153' title='bbox 1380 2551 1529 2614; x_wconf 73' lang='grc' dir='ltr'>Βοιιιιιιι.</span> 
     </span>
    </p>

    <p class='ocr_par' dir='ltr' id='par_1_8' title="bbox 352 2669 1546 2858">
     <span class='ocr_line' id='line_1_22' title="bbox 437 2669 1538 2755; baseline -0.001 -21"><span class='ocrx_word' id='word_1_154' title='bbox 437 2671 541 2734; x_wconf 78' lang='lat' dir='ltr'><strong>uasta</strong></span> <span class='ocrx_word' id='word_1_155' title='bbox 565 2673 596 2734; x_wconf 92' lang='lat' dir='ltr'><strong>in</strong></span> <span class='ocrx_word' id='word_1_156' title='bbox 619 2673 730 2754; x_wconf 84' lang='lat' dir='ltr'><strong>morie,</strong></span> <span class='ocrx_word' id='word_1_157' title='bbox 762 2672 888 2754; x_wconf 81' lang='lat' dir='ltr'><strong>rupibus</strong></span> <span class='ocrx_word' id='word_1_158' title='bbox 911 2679 943 2734; x_wconf 90' lang='lat' dir='ltr'><strong>ct</strong></span> <span class='ocrx_word' id='word_1_159' title='bbox 965 2670 1091 2734; x_wconf 89' lang='lat' dir='ltr'><strong>collibus</strong></span> <span class='ocrx_word' id='word_1_160' title='bbox 1114 2669 1259 2751; x_wconf 85' lang='lat' dir='ltr'><strong>lapidosis</strong></span> <span class='ocrx_word' id='word_1_161' title='bbox 1282 2671 1400 2753; x_wconf 86' lang='lat' dir='ltr'><strong>apricis</strong></span> <span class='ocrx_word' id='word_1_162' title='bbox 1424 2674 1538 2755; x_wconf 65' lang='grc' dir='ltr'>ιοςίοιι</span> 
     </span>
     <span class='ocr_line' id='line_1_23' title="bbox 352 2773 1544 2858; baseline -0.003 -19"><span class='ocrx_word' id='word_1_163' title='bbox 352 2777 533 2858; x_wconf 83' lang='lat' dir='ltr'><strong>campestris</strong></span> <span class='ocrx_word' id='word_1_164' title='bbox 556 2784 588 2840; x_wconf 91' lang='lat' dir='ltr'><strong>et</strong></span> <span class='ocrx_word' id='word_1_165' title='bbox 610 2784 772 2840; x_wconf 79' lang='lat' dir='ltr'><strong>montanae</strong></span> <span class='ocrx_word' id='word_1_166' title='bbox 795 2793 850 2858; x_wconf 84' lang='lat' dir='ltr'><strong>per</strong></span> <span class='ocrx_word' id='word_1_167' title='bbox 872 2792 979 2839; x_wconf 85' lang='lat' dir='ltr'><strong>zonam</strong></span> <span class='ocrx_word' id='word_1_168' title='bbox 1003 2773 1449 2840; x_wconf 85' lang='lat' dir='ltr'><strong>meridionali-intermediam</strong></span> <span class='ocrx_word' id='word_1_169' title='bbox 1474 2787 1544 2858; x_wconf 86' lang='lat' dir='ltr'><strong>atqm</strong></span> 
     </span>
    </p>

    <p class='ocr_par' dir='ltr' id='par_1_9' title="bbox 353 2878 1539 2964">
     <span class='ocr_line' id='line_1_24' title="bbox 353 2878 1539 2964; baseline -0.003 -21"><span class='ocrx_word' id='word_1_170' title='bbox 353 2878 596 2944; x_wconf 83' lang='lat' dir='ltr'><strong>meridionalem:</strong></span> <span class='ocrx_word' id='word_1_171' title='bbox 620 2881 651 2944; x_wconf 94' lang='lat' dir='ltr'><strong>in</strong></span> <span class='ocrx_word' id='word_1_172' title='bbox 666 2882 825 2944; x_wconf 86' lang='lat' dir='ltr'><strong>vincarum</strong></span> <span class='ocrx_word' id='word_1_173' title='bbox 842 2882 936 2944; x_wconf 88' lang='lat' dir='ltr'><strong>muris</strong></span> <span class='ocrx_word' id='word_1_174' title='bbox 960 2881 1026 2944; x_wconf 89' lang='lat' dir='ltr'><strong>sole</strong></span> <span class='ocrx_word' id='word_1_175' title='bbox 1053 2881 1170 2944; x_wconf 82' lang='lat' dir='ltr'><strong>exustis</strong></span> <span class='ocrx_word' id='word_1_176' title='bbox 1193 2881 1274 2945; x_wconf 88' lang='lat' dir='ltr'><strong>inter</strong></span> <span class='ocrx_word' id='word_1_177' title='bbox 1296 2881 1405 2964; x_wconf 76' lang='lat' dir='ltr'><strong>Vcccp</strong></span> <span class='ocrx_word' id='word_1_178' title='bbox 1430 2892 1461 2946; x_wconf 83' lang='lat' dir='ltr'><strong>ct</strong></span> <span class='ocrx_word' id='word_1_179' title='bbox 1478 2883 1539 2945; x_wconf 87' lang='lat' dir='ltr'><strong>llm</strong></span> 
     </span>
    </p>

    <p class='ocr_par' dir='ltr' id='par_1_10' title="bbox 352 2983 1546 3069">
     <span class='ocr_line' id='line_1_25' title="bbox 352 2983 1546 3069; baseline -0.002 -21"><span class='ocrx_word' id='word_1_180' title='bbox 352 2993 444 3049; x_wconf 73' lang='lat' dir='ltr'><strong>trecas</strong></span> <span class='ocrx_word' id='word_1_181' title='bbox 466 2985 503 3050; x_wconf 88' lang='lat' dir='ltr'><strong>ad</strong></span> <span class='ocrx_word' id='word_1_182' title='bbox 528 2987 626 3049; x_wconf 87' lang='lat' dir='ltr'><strong>lacum</strong></span> <span class='ocrx_word' id='word_1_183' title='bbox 647 2987 823 3065; x_wconf 88' lang='lat' dir='ltr'><strong>Lemanum,</strong></span> <span class='ocrx_word' id='word_1_184' title='bbox 846 2983 884 3049; x_wconf 91' lang='lat' dir='ltr'><strong>ad</strong></span> <span class='ocrx_word' id='word_1_185' title='bbox 907 3003 999 3067; x_wconf 88' lang='lat' dir='ltr'><strong>rupes</strong></span> <span class='ocrx_word' id='word_1_186' title='bbox 1022 2985 1176 3050; x_wconf 86' lang='lat' dir='ltr'><strong>calcareas</strong></span> <span class='ocrx_word' id='word_1_187' title='bbox 1199 3003 1293 3069; x_wconf 82' lang='lat' dir='ltr'><strong>prope</strong></span> <span class='ocrx_word' id='word_1_188' title='bbox 1316 2985 1495 3050; x_wconf 64' lang='lat' dir='ltr'><strong>Villam</strong></span> <span class='ocrx_word' id='word_1_189' title='bbox 1514 2987 1546 3046; x_wconf 86' lang='lat' dir='ltr'><strong>di·</strong></span> 
     </span>
    </p>

    <p class='ocr_par' dir='ltr' id='par_1_11' title="bbox 352 3089 1547 3173">
     <span class='ocr_line' id='line_1_26' title="bbox 352 3089 1547 3173; baseline 0 -19"><span class='ocrx_word' id='word_1_190' title='bbox 352 3091 443 3154; x_wconf 88' lang='lat' dir='ltr'><strong>tionls</strong></span> <span class='ocrx_word' id='word_1_191' title='bbox 466 3092 699 3170; x_wconf 82' lang='lat' dir='ltr'><strong>avenionensis,</strong></span> <span class='ocrx_word' id='word_1_192' title='bbox 724 3089 762 3155; x_wconf 91' lang='lat' dir='ltr'><strong>ad</strong></span> <span class='ocrx_word' id='word_1_193' title='bbox 786 3091 1002 3172; x_wconf 82' lang='lat' dir='ltr'><strong>blenspelium‚</strong></span> <span class='ocrx_word' id='word_1_194' title='bbox 1027 3089 1208 3170; x_wconf 83' lang='lat' dir='ltr'><strong>blaesillam,</strong></span> <span class='ocrx_word' id='word_1_195' title='bbox 1237 3098 1268 3153; x_wconf 89' lang='lat' dir='ltr'><strong>et</strong></span> <span class='ocrx_word' id='word_1_196' title='bbox 1290 3109 1349 3173; x_wconf 88' lang='lat' dir='ltr'><strong>per</strong></span> <span class='ocrx_word' id='word_1_197' title='bbox 1373 3099 1472 3156; x_wconf 81' lang='lat' dir='ltr'><strong>tutam</strong></span> <span class='ocrx_word' id='word_1_198' title='bbox 1494 3091 1547 3154; x_wconf 81' lang='lat' dir='ltr'><strong>llo·</strong></span> 
     </span>
    </p>

    <p class='ocr_par' dir='ltr' id='par_1_12' title="bbox 352 3195 1546 3382">
     <span class='ocr_line' id='line_1_27' title="bbox 352 3195 1546 3279; baseline -0.004 -20"><span class='ocrx_word' id='word_1_199' title='bbox 352 3196 468 3278; x_wconf 85' lang='lat' dir='ltr'><strong>panium</strong></span> <span class='ocrx_word' id='word_1_200' title='bbox 498 3195 726 3260; x_wconf 86' lang='lat' dir='ltr'><strong>meridionalem</strong></span> <span class='ocrx_word' id='word_1_201' title='bbox 765 3197 883 3279; x_wconf 79' lang='lat' dir='ltr'><strong>magnis</strong></span> <span class='ocrx_word' id='word_1_202' title='bbox 914 3195 1098 3278; x_wconf 79' lang='lat' dir='ltr'><strong>caespitibus</strong></span> <span class='ocrx_word' id='word_1_203' title='bbox 1120 3195 1275 3279; x_wconf 78' lang='lat' dir='ltr'><strong>vigentem</strong></span> <span class='ocrx_word' id='word_1_204' title='bbox 1308 3195 1495 3265; x_wconf 69' lang='lat' dir='ltr'><strong>observanda</strong></span> <span class='ocrx_word' id='word_1_205' title='bbox 1525 3197 1546 3254; x_wconf 88' lang='grc' dir='ltr'><strong>ἰι</strong></span> 
     </span>
     <span class='ocr_line' id='line_1_28' title="bbox 352 3299 1545 3382; baseline -0.004 -20"><span class='ocrx_word' id='word_1_206' title='bbox 352 3318 427 3381; x_wconf 85' lang='lat' dir='ltr'><strong>rupe</strong></span> <span class='ocrx_word' id='word_1_207' title='bbox 457 3299 611 3363; x_wconf 84' lang='lat' dir='ltr'><strong>vulcaniae</strong></span> <span class='ocrx_word' id='word_1_208' title='bbox 648 3317 743 3382; x_wconf 87' lang='lat' dir='ltr'><strong>prope</strong></span> <span class='ocrx_word' id='word_1_209' title='bbox 774 3300 960 3382; x_wconf 79' lang='lat' dir='ltr'><strong>Loiselborp</strong></span> <span class='ocrx_word' id='word_1_210' title='bbox 1001 3319 1038 3366; x_wconf 88' lang='lat' dir='ltr'><strong>m.</strong></span> <span class='ocrx_word' id='word_1_211' title='bbox 1071 3300 1267 3363; x_wconf 80' lang='lat' dir='ltr'><strong>Kaiserstlsat</strong></span> <span class='ocrx_word' id='word_1_212' title='bbox 1295 3299 1400 3364; x_wconf 81' lang='lat' dir='ltr'><strong>ducat</strong></span> <span class='ocrx_word' id='word_1_213' title='bbox 1438 3303 1545 3366; x_wconf 73' lang='lat' dir='ltr'><strong>omem</strong></span> 
     </span>
    </p>

    <p class='ocr_par' dir='ltr' id='par_1_13' title="bbox 352 3401 1544 3492">
     <span class='ocr_line' id='line_1_29' title="bbox 352 3401 1544 3492; baseline -0.001 -27"><span class='ocrx_word' id='word_1_214' title='bbox 352 3401 419 3478; x_wconf 79' lang='lat' dir='ltr'><strong>(Aa.</strong></span> <span class='ocrx_word' id='word_1_215' title='bbox 435 3401 557 3482; x_wconf 76' lang='lat' dir='ltr'><strong>Basca),</strong></span> <span class='ocrx_word' id='word_1_216' title='bbox 580 3403 611 3465; x_wconf 90' lang='lat' dir='ltr'><strong>iu</strong></span> <span class='ocrx_word' id='word_1_217' title='bbox 634 3403 742 3466; x_wconf 88' lang='lat' dir='ltr'><strong>llassia</strong></span> <span class='ocrx_word' id='word_1_218' title='bbox 764 3421 866 3484; x_wconf 87' lang='lat' dir='ltr'><strong>super.</strong></span> <span class='ocrx_word' id='word_1_219' title='bbox 892 3402 1023 3485; x_wconf 82' lang='lat' dir='ltr'><strong>(Bacca),</strong></span> <span class='ocrx_word' id='word_1_220' title='bbox 1047 3421 1143 3488; x_wconf 92' lang='lat' dir='ltr'><strong>prope</strong></span> <span class='ocrx_word' id='word_1_221' title='bbox 1161 3404 1292 3468; x_wconf 89' lang='lat' dir='ltr'><strong>Parisios</strong></span> <span class='ocrx_word' id='word_1_222' title='bbox 1308 3423 1409 3488; x_wconf 89' lang='lat' dir='ltr'><strong>parce</strong></span> <span class='ocrx_word' id='word_1_223' title='bbox 1430 3405 1544 3492; x_wconf 70' lang='lat' dir='ltr'><strong>legito</strong></span> 
     </span>
    </p>

    <p class='ocr_par' dir='ltr' id='par_1_14' title="bbox 353 3505 918 3591">
     <span class='ocr_line' id='line_1_30' title="bbox 353 3505 918 3591; baseline 0.007 -23"><span class='ocrx_word' id='word_1_224' title='bbox 353 3505 514 3588; x_wconf 76' lang='lat' dir='ltr'><strong>Bapedres</strong></span> <span class='ocrx_word' id='word_1_225' title='bbox 538 3507 576 3570; x_wconf 86' lang='lat' dir='ltr'><strong>de</strong></span> <span class='ocrx_word' id='word_1_226' title='bbox 597 3508 732 3591; x_wconf 79' lang='lat' dir='ltr'><strong>Biporra</strong></span> <span class='ocrx_word' id='word_1_227' title='bbox 755 3509 918 3584; x_wconf 78' lang='lat' dir='ltr'><strong>(Putasses).</strong></span> 
     </span>
    </p>

    <p class='ocr_par' dir='ltr' id='par_1_15' title="bbox 440 3610 786 3680">
     <span class='ocr_line' id='line_1_31' title="bbox 440 3610 786 3680; baseline 0.014 -7"><span class='ocrx_word' id='word_1_228' title='bbox 440 3610 544 3676; x_wconf 78' lang='lat' dir='ltr'><strong>Fruct.</strong></span> <span class='ocrx_word' id='word_1_229' title='bbox 567 3620 678 3680; x_wconf 80' lang='lat' dir='ltr'><strong>mutar.</strong></span> <span class='ocrx_word' id='word_1_230' title='bbox 701 3631 786 3678; x_wconf 80' lang='lat' dir='ltr'><strong>vere.</strong></span> 
     </span>
    </p>
   </div>
   <div class='ocr_carea' id='block_1_6' title="bbox 355 3731 1544 4066">
    <p class='ocr_par' dir='ltr' id='par_1_16' title="bbox 355 3731 1544 4066">
     <span class='ocr_line' id='line_1_32' title="bbox 409 3731 1543 3806; baseline 0.006 -21"><span class='ocrx_word' id='word_1_231' title='bbox 409 3731 446 3786; x_wconf 87' lang='grc' dir='ltr'><strong>,Α</strong></span> <span class='ocrx_word' id='word_1_232' title='bbox 466 3733 499 3785; x_wconf 78' lang='grc' dir='ltr'><strong>Β.</strong></span> <span class='ocrx_word' id='word_1_233' title='bbox 518 3732 620 3786; x_wconf 69' lang='grc' dir='ltr'><strong>ιιι-ιιι·</strong></span> <span class='ocrx_word' id='word_1_234' title='bbox 638 3749 662 3788; x_wconf 83' lang='lat' dir='ltr'><strong>v.</strong></span> <span class='ocrx_word' id='word_1_235' title='bbox 680 3733 785 3802; x_wconf 77' lang='lat' dir='ltr'><strong>pilosa,</strong></span> <span class='ocrx_word' id='word_1_236' title='bbox 811 3752 869 3788; x_wconf 92' lang='lat' dir='ltr'><strong>cum</strong></span> <span class='ocrx_word' id='word_1_237' title='bbox 888 3751 945 3804; x_wconf 84' lang='lat' dir='ltr'><strong>qna</strong></span> <span class='ocrx_word' id='word_1_238' title='bbox 962 3733 1029 3788; x_wconf 82' lang='lat' dir='ltr'><strong>baud</strong></span> <span class='ocrx_word' id='word_1_239' title='bbox 1049 3750 1107 3788; x_wconf 82' lang='lat' dir='ltr'><strong>raro</strong></span> <span class='ocrx_word' id='word_1_240' title='bbox 1128 3735 1219 3788; x_wconf 88' lang='lat' dir='ltr'><strong>iisdem</strong></span> <span class='ocrx_word' id='word_1_241' title='bbox 1238 3734 1304 3788; x_wconf 86' lang='lat' dir='ltr'><strong>locis</strong></span> <span class='ocrx_word' id='word_1_242' title='bbox 1323 3743 1464 3806; x_wconf 73' lang='lat' dir='ltr'><strong>provenit,</strong></span> <span class='ocrx_word' id='word_1_243' title='bbox 1481 3753 1543 3806; x_wconf 74' lang='lat' dir='ltr'><strong>paru</strong></span> 
     </span>
     <span class='ocr_line' id='line_1_33' title="bbox 355 3817 1544 3892; baseline 0.008 -23"><span class='ocrx_word' id='word_1_244' title='bbox 355 3821 446 3876; x_wconf 82' lang='lat' dir='ltr'><strong>intuitu</strong></span> <span class='ocrx_word' id='word_1_245' title='bbox 467 3817 535 3874; x_wconf 81' lang='lat' dir='ltr'><strong>loliis</strong></span> <span class='ocrx_word' id='word_1_246' title='bbox 562 3819 695 3876; x_wconf 88' lang='lat' dir='ltr'><strong>latioribus</strong></span> <span class='ocrx_word' id='word_1_247' title='bbox 714 3823 915 3878; x_wconf 83' lang='lat' dir='ltr'><strong>membranaceis</strong></span> <span class='ocrx_word' id='word_1_248' title='bbox 941 3822 1025 3876; x_wconf 85' lang='lat' dir='ltr'><strong>madia</strong></span> <span class='ocrx_word' id='word_1_249' title='bbox 1044 3823 1137 3892; x_wconf 77' lang='lat' dir='ltr'><strong>pagina</strong></span> <span class='ocrx_word' id='word_1_250' title='bbox 1162 3822 1262 3876; x_wconf 86' lang='lat' dir='ltr'><strong>macula</strong></span> <span class='ocrx_word' id='word_1_251' title='bbox 1282 3825 1360 3878; x_wconf 81' lang='lat' dir='ltr'><strong>viridi</strong></span> <span class='ocrx_word' id='word_1_252' title='bbox 1388 3843 1405 3880; x_wconf 87' lang='lat' dir='ltr'><strong>a</strong></span> <span class='ocrx_word' id='word_1_253' title='bbox 1429 3829 1544 3880; x_wconf 71' lang='lat' dir='ltr'><strong>numm·</strong></span> 
     </span>
     <span class='ocr_line' id='line_1_34' title="bbox 355 3908 1543 3980; baseline 0.003 -22"><span class='ocrx_word' id='word_1_254' title='bbox 355 3909 380 3958; x_wconf 92' lang='lat' dir='ltr'><strong>in</strong></span> <span class='ocrx_word' id='word_1_255' title='bbox 393 3917 464 3962; x_wconf 91' lang='lat' dir='ltr'><strong>costa</strong></span> <span class='ocrx_word' id='word_1_256' title='bbox 476 3908 659 3977; x_wconf 70' lang='lat' dir='ltr'><strong>agglomeratis</strong></span> <span class='ocrx_word' id='word_1_257' title='bbox 672 3911 801 3964; x_wconf 77' lang='lat' dir='ltr'><strong>efformata</strong></span> <span class='ocrx_word' id='word_1_258' title='bbox 815 3911 994 3980; x_wconf 71' lang='lat' dir='ltr'><strong>distinguitur3</strong></span> <span class='ocrx_word' id='word_1_259' title='bbox 1014 3909 1136 3980; x_wconf 86' lang='lat' dir='ltr'><strong>capsulae</strong></span> <span class='ocrx_word' id='word_1_260' title='bbox 1148 3909 1295 3978; x_wconf 87' lang='lat' dir='ltr'><strong>pcdiccllus</strong></span> <span class='ocrx_word' id='word_1_261' title='bbox 1308 3929 1358 3980; x_wconf 85' lang='lat' dir='ltr'><strong>pro</strong></span> <span class='ocrx_word' id='word_1_262' title='bbox 1372 3931 1445 3970; x_wconf 78' lang='lat' dir='ltr'><strong>more</strong></span> <span class='ocrx_word' id='word_1_263' title='bbox 1459 3915 1543 3968; x_wconf 67' lang='lat' dir='ltr'><strong>orere.-</strong></span> 
     </span>
     <span class='ocr_line' id='line_1_35' title="bbox 355 3995 778 4066; baseline 0.002 -18"><span class='ocrx_word' id='word_1_264' title='bbox 355 4005 395 4049; x_wconf 85' lang='lat' dir='ltr'><strong>cat</strong></span> <span class='ocrx_word' id='word_1_265' title='bbox 412 3995 568 4066; x_wconf 83' lang='lat' dir='ltr'><strong>capsulaque</strong></span> <span class='ocrx_word' id='word_1_266' title='bbox 586 3997 643 4066; x_wconf 86' lang='lat' dir='ltr'><strong>ipsa</strong></span> <span class='ocrx_word' id='word_1_267' title='bbox 660 3997 778 4052; x_wconf 85' lang='lat' dir='ltr'><strong>crassior.</strong></span> 
     </span>
    </p>
   </div>
   <div class='ocr_carea' id='block_1_7' title="bbox 725 4171 1180 4358">
    <p class='ocr_par' dir='ltr' id='par_1_17' title="bbox 725 4171 1180 4358">
     <span class='ocr_line' id='line_1_36' title="bbox 741 4171 1173 4241; baseline -0.009 -1"><span class='ocrx_word' id='word_1_268' title='bbox 741 4171 770 4240; x_wconf 84' lang='lat' dir='ltr'><strong>o.</strong></span> <span class='ocrx_word' id='word_1_269' title='bbox 814 4171 948 4240; x_wconf 82' lang='lat' dir='ltr'><strong>barbula</strong></span> <span class='ocrx_word' id='word_1_270' title='bbox 968 4172 1173 4241; x_wconf 86' lang='lat' dir='ltr'><strong>cllcmnotas.</strong></span> 
     </span>
     <span class='ocr_line' id='line_1_37' title="bbox 725 4293 1180 4358; baseline 0 -10"><span class='ocrx_word' id='word_1_271' title='bbox 725 4295 859 4358; x_wconf 64' lang='lat' dir='ltr'><strong>(smmis)</strong></span> <span class='ocrx_word' id='word_1_272' title='bbox 879 4294 925 4349; x_wconf 83' lang='lat' dir='ltr'><strong>lia.</strong></span> <span class='ocrx_word' id='word_1_273' title='bbox 944 4305 970 4348; x_wconf 88' lang='lat' dir='ltr'><strong>et</strong></span> <span class='ocrx_word' id='word_1_274' title='bbox 988 4295 1044 4350; x_wconf 85' lang='lat' dir='ltr'><strong>Sca.</strong></span> <span class='ocrx_word' id='word_1_275' title='bbox 1063 4293 1106 4349; x_wconf 85' lang='lat' dir='ltr'><strong>Br.</strong></span> <span class='ocrx_word' id='word_1_276' title='bbox 1125 4311 1180 4350; x_wconf 86' lang='lat' dir='ltr'><strong>aur.</strong></span> 
     </span>
    </p>
   </div>
   <div class='ocr_carea' id='block_1_8' title="bbox 357 4396 1536 4592">
    <p class='ocr_par' dir='ltr' id='par_1_18' title="bbox 357 4396 1536 4592">
     <span class='ocr_line' id='line_1_38' title="bbox 441 4396 1532 4482; baseline -0.007 -22"><span class='ocrx_word' id='word_1_277' title='bbox 441 4396 587 4461; x_wconf 91' lang='lat' dir='ltr'><strong>llumilior</strong></span> <span class='ocrx_word' id='word_1_278' title='bbox 614 4398 824 4482; x_wconf 87' lang='lat' dir='ltr'><strong>caespitulosa.</strong></span> <span class='ocrx_word' id='word_1_279' title='bbox 870 4401 951 4464; x_wconf 82' lang='lat' dir='ltr'><strong>Folia</strong></span> <span class='ocrx_word' id='word_1_280' title='bbox 980 4401 1153 4482; x_wconf 88' lang='lat' dir='ltr'><strong>imbricata,</strong></span> <span class='ocrx_word' id='word_1_281' title='bbox 1185 4399 1244 4464; x_wconf 90' lang='lat' dir='ltr'><strong>late</strong></span> <span class='ocrx_word' id='word_1_282' title='bbox 1277 4411 1369 4468; x_wconf 82' lang='lat' dir='ltr'><strong>ovata</strong></span> <span class='ocrx_word' id='word_1_283' title='bbox 1399 4413 1431 4466; x_wconf 93' lang='lat' dir='ltr'><strong>ct</strong></span> <span class='ocrx_word' id='word_1_284' title='bbox 1452 4407 1532 4464; x_wconf 74' lang='grc' dir='ltr'>ιιι-,ιιι-</span> 
     </span>
     <span class='ocr_line' id='line_1_39' title="bbox 357 4502 1536 4592; baseline 0.002 -27"><span class='ocrx_word' id='word_1_285' title='bbox 357 4502 498 4588; x_wconf 75' lang='lat' dir='ltr'><strong>oblonga,</strong></span> <span class='ocrx_word' id='word_1_286' title='bbox 523 4503 608 4568; x_wconf 80' lang='lat' dir='ltr'><strong>valde</strong></span> <span class='ocrx_word' id='word_1_287' title='bbox 624 4523 768 4588; x_wconf 82' lang='lat' dir='ltr'><strong>concava,</strong></span> <span class='ocrx_word' id='word_1_288' title='bbox 785 4505 921 4588; x_wconf 73' lang='lat' dir='ltr'><strong>margine</strong></span> <span class='ocrx_word' id='word_1_289' title='bbox 943 4505 1043 4590; x_wconf 86' lang='lat' dir='ltr'><strong>plana,</strong></span> <span class='ocrx_word' id='word_1_290' title='bbox 1066 4505 1188 4570; x_wconf 85' lang='lat' dir='ltr'><strong>omnino</strong></span> <span class='ocrx_word' id='word_1_291' title='bbox 1205 4503 1326 4588; x_wconf 74' lang='lat' dir='ltr'><strong>viridia,</strong></span> <span class='ocrx_word' id='word_1_292' title='bbox 1351 4509 1536 4592; x_wconf 70' lang='lat' dir='ltr'><strong>integerrima</strong></span> 
     </span>
    </p>
   </div>
   <div class='ocr_carea' id='block_1_9' title="bbox 0 0 1572 5364">
    <p class='ocr_par' dir='ltr' id='par_1_19' title="bbox 0 0 1572 5364">
     <span class='ocr_line' id='line_1_40' title="bbox 0 0 1572 5364; baseline 0 0"><span class='ocrx_word' id='word_1_293' title='bbox 0 0 1572 5364; x_wconf 95' lang='lat' dir='ltr'><strong> </strong></span> 
     </span>
    </p>
   </div>
  </div>
 </body>
</html>
