3144 5366
535 381 696 452 llypnncene.
1146 379 1213 450 Μ

23 553 83 618 iulio
107 556 224 620 interno
247 555 405 640 elongate,
440 558 554 620 sensim
578 558 884 637 erecto-ammisse,
908 559 1127 640 lemosina,
1150 561 1212 630 tui

21 667 88 724 ceta.
134 659 263 744 Cspsuls
286 662 317 724 in
340 658 489 743 pedicello
513 661 655 746 elongato
678 663 1067 746 incurvo-cernus‚.ovulis
1087 666 1136 732 vel
1157 666 1208 730 ob·

20 765 113 848 longa,
137 757 320 829 subsrcuctn'
343 764 390 828 uel
413 765 548 849 iurgiis,
572 766 690 848 mullis,
713 785 804 852 supro
826 769 1094 846 rulesoensiulrs
1118 769 1211 861 diluto

19 869 176 952 ocbrncen,
213 873 294 934 siocs
326 887 420 933 secus
454 869 587 934 crissim
620 879 756 952 tssuoelc
788 874 846 942 sub
877 891 933 938 ore
963 875 1022 954 vin,
1037 882 1209 959 usgsustutn3

17 973 155 1054 operculo
185 988 311 1061 magno,
347 975 407 1038 ulte
434 992 571 1038 convexo
599 975 763 1058 spieulnto,
791 978 903 1050 mutilo
925 977 995 1044 luto.
1039 978 1210 1042 Peristomii

17 1077 121 1141 dentes
144 1078 266 1141 inlerne
287 1077 456 1164 ferruginei
488 1078 657 1158 lstiusouli,
691 1091 856 1160 probatus
887 1082 1075 1167 subintepri,
1112 1083 1208 1146 ciliole

15 1184 286 1266 exsppcndiculste.
332 1179 447 1266 Sporum
470 1182 675 1269 icrsugipene.
719 1183 817 1266 Brpoi.
841 1202 907 1251 our.
930 1185 980 1268 ill,
1002 1187 1074 1255 iub.
1091 1183 1164 1252 591.

15 1305 155 1388 lippnusn
174 1303 279 1390 [oble
303 1303 424 1368 smum
447 1303 617 1368 lienbs'cbr.
640 1305 671 1368 si
694 1305 755 1371 bot.
780 1306 944 1372 Geieileub.
965 1328 992 1372 s.
1007 1309 1207 1392 tuomst-ep

141 1409 188 1493 ΠΙ,
212 1430 241 1495 p.
267 1408 339 1491 tlt,
363 1428 381 1473 e
405 1409 560 1493 specimm.
582 1409 734 1474 auctoris!
779 1409 830 1476 lis
853 1418 885 1474 et
908 1411 973 1476 Scs.
992 1411 1096 1498 lirim.
1120 1432 1184 1480 eur.

49 1515 82 1578 C.
109 1515 224 1596 blbuusn
248 1517 374 1597 synops.
770 1512 776 1534 ¹
1180 1539 1183 1546 ’

12 1619 85 1702 llpp.
112 1621 231 1684 crinale
254 1621 397 1684 Scssmcu
421 1635 475 1684 ms.
499 1627 531 1682 et
553 1619 623 1682 nob.
645 1619 678 1682 io
699 1618 803 1685 suited.

91 1739 196 1807 liubit.
219 1743 249 1807 in
271 1743 386 1804 truncis
410 1741 545 1804 coenosis
569 1738 697 1824 dejectis
725 1742 969 1824 putrescentibus
992 1749 1025 1804 et
1045 1743 1076 1806 in
1089 1743 1204 1806 vertice

9 1847 161 1930 stirpium,
191 1845 238 1910 bic
261 1844 322 1909 illic
343 1863 399 1930 per
416 1835 579 1927 'regionem
605 1851 775 1908 montonem
798 1861 893 1912 tonse
924 1845 1141 1928 iuterrnedise3
1173 1846 1204 1910 in

7 1949 143 2014 liclvctis
167 1951 216 2015 ubi
238 1952 352 2033 primus
387 1951 519 2013 omnium
550 1948 722 2013 scmmcnm
755 1949 846 2034 legit,
879 1951 910 2012 io
941 1949 1086 2014 Βιιιιιίιο
1113 1959 1202 2033 utque

7 2055 123 2136 iprolis
147 2053 273 2138 Alpibus
299 2054 486 2133 (Snsurssn),
510 2054 541 2116 in
558 2053 840 2136 salisburgensibus
856 2061 888 2117 ct
903 2055 1061 2120 austriacis
1077 2055 1203 2132 (Snorss

6 2168 32 2222 ct
54 2179 118 2246 ego
141 2159 237 2243 ipse),
269 2159 300 2222 io
324 2157 527 2241 sylus-nigra
554 2173 664 2222 uersus
687 2176 727 2222 m.
748 2158 900 2242 Fsldberp
922 2157 990 2235 (Δι.
1011 2156 1139 2239 Bonos),
1171 2158 1201 2224 in

5 2265 126 2347 Vogeso
150 2263 309 2347 superiore
332 2279 426 2345 prope
450 2261 545 2325 lecum
571 2261 761 2326 Liesobbuols
784 2270 816 2326 et
832 2264 868 2326 in
889 2263 1017 2330 Jurssso
1038 2262 1200 2342 betselino,

2 2371 50 2432 ubi
74 2372 162 2432 nmio.
183 2369 374 2443 Lusoomnun
390 2367 515 2447 detexit,
532 2367 637 2448 puuois
653 2367 867 2450 speciminibus
884 2367 955 2451 lupi.
983 2367 1009 2432 E
1023 2368 1201 2434 rosionibus.

87 2475 192 2538 Fruot.
216 2479 327 2536 mutor.
351 2477 477 2536 nostele.

68 2595 90 2648 li
111 2595 251 2662 majoribus
269 2593 421 2663 subgeocris
440 2604 467 2647 et
486 2589 563 2646 lucile
582 2591 785 2660 dignoscendum
803 2592 959 2661 caespitibus
976 2593 1096 2648 demissis
1114 2592 1198 2648 ssolli·

2 2679 61 2750 bus,
81 2683 197 2752 capsulis
215 2683 357 2736 numerosis
375 2680 427 2734 ulte
447 2678 624 2749 ponticensis,
642 2680 743 2750 turpido
757 2680 895 2750 oblongis,
915 2681 1106 2750 cleopetculstis
1123 2691 1199 2736 truo-

1 2773 71 2840 cstis,
92 2771 276 2837 discoloribus,
295 2768 366 2824 loliis
381 2767 542 2838 subpliiieris
559 2767 750 2824 subeirciostis
786 2767 983 2822 Similitudinum
996 2769 1121 2840 quendum
1140 2787 1198 2824 curn

2 2857 32 2910 Ι.
49 2860 182 2914 sscisstc
200 2875 259 2912 usr.
278 2859 432 2928 plsstsloso
450 2856 562 2924 exhibet,
583 2856 653 2910 loliis
671 2858 751 2924 msgis
770 2858 900 2910 circinatis
919 2855 1198 2926 pililurmi-spiculstis,

2 2946 105 3016 cspsuls
123 2947 226 3017 lougius
246 2944 404 3015 pedicellsts
421 2945 546 2998 orsssiors
566 2942 639 2996 molli
657 2941 739 3011 primo
758 2943 849 2999 iutuitu
868 2943 1004 2998 diversunt.

432 3103 465 3156 tt.
501 3102 624 3154 Plcrse
640 3098 759 3154 diuisi.

375 3223 424 3293 tu.
454 3224 587 3308 ilypnun
609 3220 813 3292 cunebruss.

366 3434 368 3442 y
457 3364 530 3419 Bsuu.
548 3361 638 3434 Brpol.
659 3363 728 3416 uuis.

83 3489 244 3572 caespites
265 3493 475 3552 tumescentes
498 3485 666 3554 mollissimi
688 3501 815 3550 smoeuc
838 3481 961 3552 virides.
998 3480 1100 3546 (inuiis
1121 3499 1191 3564 pru·

0 3602 108 3658 trutus
132 3604 164 3660 et
185 3591 368 3674 excudens,
391 3593 503 3673 tenuis,
527 3589 648 3671 flexilis,
672 3590 750 3654 bsud
773 3588 899 3669 sobius,
922 3587 1065 3669 piuustim
1088 3603 1189 3650 rumu-

1 3707 79 3763 osus
102 3697 322 3764 crodiculosus.
366 3697 448 3761 Folio
472 3695 568 3760 dense
591 3695 728 3760 conlerte
762 3689 1034 3758 inlecto-secunde
1067 3696 1100 3755 et
1119 3689 1190 3755 sub-

9 3807 156 3884 ircimts,
187 3824 206 3869 e
235 3804 302 3868 besl
332 3803 391 3867 iste
422 3808 509 3865 ovnte
543 3819 674 3864 coucnvn
706 3804 836 3881 anguste
867 3793 1034 3860 lunbeolsts
1057 3796 1190 3859 tenuiter

0 3887 171 3992 cominatu,
194 3909 401 3993 integerrimo,
425 3904 619 3984 subecostetn
641 3914 671 3968 et
694 3909 840 3982 eooststc,
864 3900 982 3980 tenuia,
1006 3899 1115 3981 mollis,
1139 3918 1187 3963 ru·

0 4014 104 4080 uliun
133 4016 319 4100 snpsubors.
363 4011 467 4077 Florus
505 4011 628 4077 musculi
658 4009 690 4072 in
720 4008 828 4094 plantis
865 4004 1006 4070 lemioeis
1040 4004 1187 4069 similibus

0 4119 167 4204 ulupeni,
191 4119 344 4200 minutuli,
376 4115 551 4181 cutberidiis
574 4113 705 4198 parvulis
727 4111 964 4197 epurspbysutis.
1009 4108 1187 4174 Pericbuetii

6 4223 173 4305 mgtusculi
204 4224 275 4289 lolis
306 4223 426 4288 interno
457 4221 518 4285 lete
555 4213 711 4302 elongate,
750 4213 997 4300 subtegminis,
1035 4214 1066 4278 iu
1095 4212 1185 4296 pilum

1 4335 108 4392 'ectum
132 4329 284 4409 exeuntis,
307 4329 473 4410 interrupte
496 4332 526 4389 et
548 4343 639 4407 puros
661 4324 786 4402 sulcutu,
810 4321 909 4386 omnin
925 4325 1070 4384 concute.
1098 4316 1184 4399 ,osp-

1 4435 61 4496 ule
82 4436 111 4496 in
132 4433 281 4517 pediccllo
303 4433 442 4496 llexuoso
463 4429 582 4494 nrbello
604 4445 729 4509 cernuo,
752 4426 894 4510 oblonga,
917 4423 1027 4488 leniter
1048 4422 1183 4502 incurso,

20 4539 196 4623 ptoiermu,
231 4539 324 4604 dilutc
347 4537 511 4615 oobreces,
544 4533 690 4617 operculo
718 4549 827 4616 mugno
850 4527 909 4594 ulte
931 4543 1072 4593 convexo
1095 4533 1183 4591 scuto
