3354 5380
391 359 454 426 880
917 364 1057 433 Bryecene.

391 551 424 606 et
446 541 593 622 humidis3
630 560 693 607 var.
716 547 746 620 β.
775 543 806 606 iu
839 542 984 606 montosis
1013 541 1182 622 umbrosis,
1220 559 1281 605 rar.
1305 565 1331 624 γ.
1358 544 1390 606 in
1418 543 1587 626 subalpinis

391 648 442 711 nbi
463 648 529 712 loca
552 645 700 728 depressa
732 646 851 710 humida
879 652 979 723 tenet3
1018 665 1079 708 var.
1103 648 1130 710 o.
1154 648 1184 708 in
1217 646 1384 729 subalpinis
1417 657 1448 711 et
1475 649 1587 730 alpinis

392 753 430 816 ad
453 771 545 837 rupes
569 756 600 813 et
621 760 748 832 terram3
771 770 834 814 var.
857 773 880 816 s.
906 752 937 814 in
959 751 1100 831 turiosis3
1124 767 1186 812 var.
1210 761 1236 830 ζ.
1259 753 1291 814 in
1314 753 1437 816 ericetis
1453 752 1586 814 humidis

392 864 423 922 et
445 859 476 921 in
498 857 649 939 sylvatieis
680 855 859 938 subalpinis3
896 872 959 916 var.
981 861 1016 918 o.
1048 856 1079 917 in
1111 855 1285 938 sphagnetis
1320 857 1371 919 ulti
1403 858 1587 939 praesertim

391 965 543 1046 caespites
565 962 761 1026 Aolocomnii
779 963 929 1042 palustris
951 967 1048 1040 tenet,
1071 978 1132 1024 var.
1155 987 1183 1044 η.
1206 961 1237 1022 in
1260 961 1420 1044 uliginosis
1443 961 1565 1045 alpinis

477 1068 581 1132 tract
605 1075 716 1132 maner.
739 1084 830 1146 vera,
862 1064 1019 1146 inalpinis
1043 1070 1168 1128 aestate.

462 1190 548 1245 Omnis
566 1191 669 1260 generis
693 1189 869 1258 vulgatissima
892 1188 1049 1258 maximeque
1076 1186 1258 1256 polymorpha3
1286 1190 1423 1242 vedentes
1442 1199 1468 1242 et
1487 1190 1587 1243 formae

392 1281 539 1334 innumerae
557 1288 629 1345 aunt,
651 1277 721 1332 noles
739 1278 890 1347 praecipuas
908 1276 1064 1328 enumeravi.

801 1451 829 1520 u.
859 1451 989 1520 Walters
1011 1451 1169 1518 annulata

793 1590 887 1659 Brynm
915 1590 1010 1645 cucnll.
1042 1591 1184 1646 Smwuea.

480 1715 582 1777 Densa
598 1715 776 1796 caespitosa.
812 1714 909 1779 cautis
927 1733 944 1777 c
961 1714 1026 1778 basi
1042 1714 1219 1798 plerumque
1235 1712 1435 1778 decumbente
1452 1719 1586 1792 erectas,

394 1820 522 1901 simplex
544 1819 594 1882 vel
615 1838 706 1902 parce
729 1837 875 1884 ramosus.
919 1819 1000 1883 Folia
1031 1819 1174 1884 inferiora
1207 1827 1239 1882 et
1267 1818 1452 1883 ramulorum
1474 1817 1586 1880 subim-

393 1924 518 2004 lrricatu,
543 1929 640 2004 ovata
664 1943 806 2004 concava,
829 1924 949 2003 mutius,
972 1923 1105 2008 integra,
1129 1924 1286 2005 superiora
1308 1923 1466 2008 longiora,
1490 1940 1585 2004 angu-

394 2032 488 2106 stata,
513 2027 598 2109 apice
621 2035 737 2090 serrata
761 2032 791 2089 et
811 2026 890 2091 haud
913 2044 983 2090 raro
1006 2027 1321 2109 cucullato-incurva,
1351 2028 1451 2092 omnia
1476 2027 1586 2106 mollia,

394 2133 554 2213 subopaca.
600 2131 728 2214 capsula
759 2130 904 2213 pendula,
938 2133 1157 2210 crasainseula,
1195 2151 1262 2196 cnm
1293 2133 1372 2197 collo
1399 2131 1586 2196 abbreviato

366 2269 367 2272 π
393 2235 577 2318 pyriiormis,
600 2237 682 2299 sicca
697 2254 790 2298 vaona
806 2237 861 2298 snb
877 2253 932 2300 ore
948 2235 1026 2300 hand
1042 2245 1194 2300 coarctata
1213 2236 1267 2301 sed
1284 2237 1399 2302 orificio
1415 2243 1585 2322 angustato,

394 2341 509 2419 mollis,
543 2338 649 2420 badia,
674 2348 773 2404 aetate
795 2342 1023 2406 atro-brunnen
1067 2341 1249 2424 Opercnlnm
1272 2343 1387 2423 minus,
1412 2343 1584 2408 mamillarc.

395 2443 564 2508 Peristomii
587 2443 695 2506 dentes
718 2445 928 2525 angustiores,
951 2446 1126 2527 breviores,
1150 2447 1271 2526 luteoli,
1295 2447 1407 2510 interni
1430 2446 1585 2510 tenerrimi

393 2546 496 2631 pallidi
518 2565 682 2632 processus
715 2550 891 2633 perangusti
922 2550 988 2614 cilia
1019 2551 1123 2614 brevia
1155 2551 1281 2634 fugacia.
1326 2549 1425 2632 Bryol
1448 2569 1515 2617 eur.
1538 2549 1584 2626 tv,

394 2660 467 2724 Talt.
483 2653 557 2722 343.

394 2779 447 2845 nr.
474 2781 658 2844 cucullatum
680 2778 764 2842 canle
787 2778 913 2860 simplici
936 2778 1113 2858 innovante,
1152 2775 1232 2841 loliis
1263 2776 1583 2860 lanceolam-oblongis

524 2883 786 2966 abruptinervibus
810 2882 1072 2962 erecto-incurvis,
1095 2881 1183 2945 theca
1206 2879 1336 2966 oblonga
1353 2881 1483 2963 pendula
1499 2899 1584 2965 oper·
1674 2875 1675 2910 l

525 2991 593 3054 culo
617 2989 732 3053 obtuso.
779 2989 943 3052 Scauriana.
968 2987 1066 3070 Suppl.
1082 2986 1103 3066 l,
1127 2987 1157 3049 P.
1174 2985 1209 3067 ll,
1226 3007 1253 3069 p.
1270 2983 1323 3066 94,
1344 2993 1363 3050 t.
1381 2983 1431 3052 68.

439 3095 518 3161 Bam.
541 3093 641 3177 Bryol.
664 3094 743 3156 univ.
788 3091 873 3156 Bacn.
897 3099 929 3154 et
952 3093 1016 3155 Sca.
1037 3091 1136 3173 Bryol.
1160 3111 1224 3155 eur.
1264 3089 1296 3157 C.
1319 3091 1434 3156 naama
1459 3091 1583 3173 Synops.

526 3199 662 3263 marma
686 3196 794 3262 stant.
818 3197 858 3260 tt.
882 3197 931 3260 ed.
956 3195 986 3262 6.

395 3307 507 3372 Pollio
529 3305 683 3370 cucullato
704 3302 799 3365 Bauca
822 3303 852 3365 in
875 3301 1026 3384 llegeasb.
1055 3300 1119 3368 Bot.
1150 3301 1223 3367 zeit.
1249 3297 1341 3368 1826.
1384 3300 1466 3366 nau.
1490 3299 1583 3382 Brpol.

547 3413 627 3474 univ.
651 3407 672 3490 l,
696 3405 770 3472 840.
816 3407 981 3472 snawmca
1005 3407 1035 3471 in
1056 3407 1136 3470 Ltus.
1161 3407 1210 3490 Sp.
1234 3405 1274 3471 Pl.
1298 3406 1347 3469 cd.
1370 3402 1400 3471 4.

402 3515 529 3580 Wobere
550 3513 705 3580 cucullato
727 3511 825 3577 Scaea.
849 3510 959 3576 Coroll.

482 3637 585 3702 ttattt.
608 3633 646 3701 ad
668 3643 781 3700 terram
802 3633 952 3698 harnidum
974 3635 1006 3698 in
1027 3633 1191 3716 subalpinis
1214 3641 1247 3697 et
1268 3632 1394 3716 alpinis,
1425 3632 1583 3714 praecipua

395 3743 425 3806 in
449 3741 604 3825 depressis
628 3741 753 3823 nivosis,
778 3741 869 3805 sociis
899 3741 941 3806 W.
965 3740 1137 3822 Lndwipii,
1178 3740 1219 3805 W.
1243 3747 1371 3802 nutante
1391 3755 1470 3802 tarr.
1493 3737 1585 3818 alipi-

395 3865 476 3910 noro
497 3855 528 3910 et
551 3847 696 3929 bicolore,
719 3865 775 3930 per
797 3847 1031 3928 wacaeorum,
1054 3845 1221 3924 Helvetiae,
1246 3844 1426 3908 Germaniae
1450 3849 1482 3906 et
1498 3841 1584 3906 Scan·

396 3950 532 4016 dinaviae
555 3951 669 4034 Alpes,
700 3971 759 4016 nee
788 3969 848 4014 non
880 3953 911 4014 in
941 3969 1058 4015 summo
1087 3952 1229 4034 vogaso,
1261 3949 1381 4014 minime
1412 3967 1501 4030 rara,
1534 3945 1586 4010 sed

395 4057 582 4138 praeteriise
604 4058 652 4120 val
675 4074 744 4120 oum
773 4057 851 4120 Web.
874 4059 1009 4122 autentis
1031 4055 1225 4122 varietatibus
1248 4061 1439 4119 commutata.

483 4161 586 4226 Fruct.
608 4169 719 4226 mator.
744 4168 869 4224 aestate.

466 4265 556 4319 Dillert
579 4282 594 4318 a
618 4267 816 4319 mortetenus
841 4282 866 4318 a.
885 4267 1021 4334 nlipinoec
1045 4265 1115 4320 ioliir
1142 4265 1275 4320 latioribus
1301 4263 1422 4318 mollibus
1445 4263 1489 4316 air
1510 4263 1585 4315 nitere

397 4353 478 4422 tibur,
508 4351 613 4424 capsula
631 4356 757 4408 craseiere
776 4353 847 4406 molli
867 4355 1040 4422 microetonra,
1068 4355 1217 4424 peristomio
1245 4355 1355 4418 minore,
1383 4353 1482 4405 interno
1508 4351 1585 4402 minet

397 4443 545 4582 perte{tiocia
564 4529 658 4582 nitoris
677 4525 780 4598 plantae
798 4529 925 4582 demissae
944 4529 1108 4598 nigricantes,
1128 4525 1250 4596 pcdicelll
1269 4524 1407 4596 geniculati
1421 4525 1584 4577 inueniuntur.
