3322 5376
380 367 445 430 882
913 366 1053 434 limaeme'.

382 543 564 610 munins.
609 541 911 607 nonannoeane
933 543 1089 626 peningo,
1126 543 1313 628 remman,
1349 541 1462 608 interm
1476 527 1575 608 'nan

381 651 473 714 brana
495 649 552 712 late
574 648 726 727 enuntia,
759 663 925 728 processus
947 646 977 708 in
1000 647 1102 710 carina
1125 646 1271 710 lnoonosl.
1315 649 1415 731 Brpol
1439 668 1507 712 eur.
1530 649 1574 726 li',

380 755 451 818 tab.
468 751 541 816 365.

379 879 434 945 ΒΓ.
457 876 589 952 stellare,
611 891 742 952 rnsm,
765 874 878 952 majus,
893 871 982 952 soliis
997 871 1139 952 oblonpia
1160 869 1237 936 line
1253 871 1329 933 llist.
1345 869 1442 935 lluse.
1459 889 1486 954 p.
1500 869 1537 934 lt
1549 871 1574 950 l,

379 1088 496 1170 Bryum
509 975 778 1145 treigomslgnrn.
811 1077 911 1162 Spieil.
943 1077 1021 1142 Flos.
1055 1078 1121 1160 lips.
1166 1077 1245 1141 Baro.
1269 1077 1359 1140 ilani.
1384 1077 1478 1140 llusc.
1525 1077 1572 1140 ua.

509 1194 540 1250 et
567 1186 630 1248 Scn.
659 1182 759 1264 Brpol.
793 1198 855 1246 eur.
901 1181 1016 1245 norma
1050 1181 1178 1264 Synops.
1224 1180 1360 1244 ttnms
1390 1181 1502 1246 Silani.
1532 1183 1573 1244 ΡΙ.

508 1289 629 1352 Wnson
652 1285 751 1368 Bryol.
773 1285 845 1350 Brit.

379 1399 494 1464 llniom
516 1413 637 1458 roseam
658 1391 759 1453 lluow.
783 1391 831 1470 Sp.
856 1387 893 1454 ll.
939 1387 1104 1453 Scnwasnn.
1129 1389 1230 1472 Suppl.
1251 1387 1272 1454 l.
1310 1385 1355 1450 or
1370 1388 1478 1454 Nema.
1503 1389 1571 1472 Syll
1653 1409 1654 1428 ¹

378 1503 496 1584 Bryant
518 1499 607 1562 Polla
629 1513 720 1558 roseo
742 1493 821 1556 Baro.
846 1493 943 1574 Bryol.
967 1495 1047 1556 univ.

466 1619 569 1682 llabit.
592 1619 622 1680 in
645 1615 737 1698 sylvis
759 1613 911 1677 umbrosis
933 1616 1069 1698 regionis
1097 1615 1274 1696 campestris
1298 1619 1388 1696 atqua
1413 1622 1572 1678 montanae

380 1724 550 1790 alternam
574 1729 605 1784 et
633 1721 773 1784 arborum
804 1717 941 1781 radicesr
973 1719 1005 1780 in
1034 1718 1187 1799 sylvaticis
1215 1735 1309 1799 prope
1338 1718 1571 1800 Argentoratum

379 1836 412 1894 et
432 1845 488 1910 per
509 1833 601 1890 totam
631 1823 727 1888 Rheni
759 1822 912 1905 planitiem
941 1819 1020 1902 haud
1048 1839 1119 1886 raro
1151 1795 1358 1900 fructiferum,
1390 1823 1420 1884 in
1453 1821 1570 1904 Alpium

378 1933 504 1998 vallibus
538 1928 708 1993 nemorosis
741 1927 882 2009 copiose;
919 1925 950 1988 in
984 1925 1113 2008 Angliae
1150 1932 1241 2008 etque
1279 1925 1405 1990 sueciae
1438 1927 1572 2008 partibas

378 2033 663 2121 septentrionalibus
691 2048 812 2111 semper
834 2030 941 2094 sterile
965 2030 1113 2110 provenit

465 2139 568 2202 Fiunt.
591 2143 702 2200 amtor.
727 2151 799 2198 sero
821 2141 992 2197 auctumno.

447 2259 516 2313 luter
535 2259 611 2324 llrya
628 2272 755 2324 europae·
765 2255 982 2322 speciosissimam
998 2269 1056 2306 eum
1068 2251 1139 2305 nullo
1151 2251 1203 2306 alin
1215 2253 1432 2322 commutandum
1452 2255 1570 2310 toltum

378 2347 570 2410 reticulatione,
596 2343 718 2412 capsulae
736 2343 816 2395 lnrma
836 2352 862 2395 et
879 2341 1020 2412 peristomii
1044 2340 1131 2394 indole
1155 2341 1258 2394 omnino
1276 2341 1383 2408 hujusne
1401 2345 1506 2414 geneda
1523 2361 1570 2396 aec

379 2434 450 2490 ttntt
468 2443 496 2488 at
513 2429 627 2486 nonnulli
646 2429 794 2484 censebant.

749 2603 825 2667 Gen.
847 2603 877 2668 5.
922 2597 1198 2664 Anonoontuu.

466 2761 586 2824 Plantae
603 2758 768 2839 lililormas,
789 2759 868 2824 loliis
884 2757 1118 2840 subaequalibus
1134 2756 1229 2819 dense
1246 2748 1409 2822 imbricatis
1421 2759 1567 2842 julaeeao,

378 2883 516 2930 ramosae
540 2871 571 2926 et
594 2862 761 2926 ramulosae
791 2862 883 2924 ramis
917 2867 947 2923 et
975 2860 1099 2924 ramulis
1130 2862 1347 2942 inaequalibus.
1392 2862 1472 2926 Folia
1500 2865 1567 2926 soli-

378 2971 461 3034 diora
484 2969 576 3032 nitida
598 2967 658 3028 reti
681 2967 854 3048 lppnoirleo
877 2966 991 3047 apicem
1014 2983 1124 3029 versus
1147 2965 1474 3028 lineari-vermiculari
1506 2967 1565 3030 basi

377 3070 748 3158 hexagono-rhornboideo
771 3078 801 3133 et
825 3067 1004 3152 rectangolo
1019 3071 1143 3134 laxiore.
1188 3069 1292 3132 Flores
1315 3070 1419 3151 dioici,
1445 3073 1565 3137 nrasenli

376 3176 613 3265 gemmilormes.
659 3175 786 3258 Capsola
809 3181 840 3236 et
862 3173 1068 3256 peristomium
1096 3183 1129 3237 ut
1150 3175 1181 3237 in
1202 3174 1297 3256 Brpo.

463 3281 580 3364 Brpam
601 3297 681 3344 omn.
706 3285 783 3343 aunt.

774 3451 991 3533 nnonotoyn
1009 3447 1170 3530 inlaesum.

772 3605 868 3676 anum
884 3606 932 3674 jur.
957 3607 1033 3660 snm
1051 3607 1088 3660 ar.
1107 3605 1170 3660 nna

463 3745 626 3828 caespituli
656 3753 688 3808 et
716 3747 866 3827 caespites
896 3745 1081 3826 irregulares
1114 3745 1192 3808 hand
1223 3753 1331 3810 arante
1359 3745 1518 3826 fastigiati,
1548 3763 1566 3806 a

376 3853 546 3916 lutescente
568 3851 617 3912 vel
645 3851 838 3932 smaragdino
860 3849 989 3933 virides,
1018 3850 1103 3914 caule
1125 3850 1193 3932 plus
1215 3851 1351 3913 minusve
1373 3851 1454 3913 alato
1476 3867 1567 3932 parea

374 3955 556 4020 radiculosn.
601 3953 681 4018 Folia
702 3953 839 4016 conferta
862 3953 892 4016 in
914 3960 978 4016 toto
1000 3953 1085 4016 naula
1115 3954 1308 4036 subaequalis
1339 3951 1436 4016 dense
1464 3953 1565 4016 imbri-

373 4067 457 4138 eata,
486 4067 572 4124 ovata
602 4066 635 4121 et
663 4057 916 4140 ovato-oblongo,
940 4057 1064 4137 mrrtioa,
1088 4073 1231 4134 concava,
1254 4057 1389 4140 narpina
1410 4057 1501 4138 plano
1523 4059 1566 4120 in·

374 4171 463 4248 tegra
484 4163 534 4228 vel
556 4163 642 4245 apice
665 4163 862 4225 minutissime
891 4160 1055 4238 aemulata,
1088 4169 1173 4224 enata
1203 4161 1365 4226 concolore
1393 4161 1451 4224 sub
1481 4163 1567 4244 apiae

379 4267 521 4348 evanida,
543 4266 766 4350 perichaetinlia
798 4283 838 4328 ex
864 4271 953 4328 ovato
975 4263 1318 4348 elongato-luneeolata.
1364 4263 1493 4348 capsula
1520 4267 1566 4328 in·

373 4371 500 4450 olinata,
522 4371 815 4456 oblongo-obeunte,
847 4367 1036 4452 ferruginea,
1071 4369 1215 4450 operculo
1244 4367 1398 4432 mamillari
1420 4371 1565 4434 aoranae.

375 4474 543 4540 l’eristonrii
567 4475 678 4538 interni
702 4473 874 4540 membrana
896 4471 1023 4556 rigidulu
1045 4473 1196 4553 aurantla,
1225 4489 1389 4554 proeessus
1411 4473 1442 4536 iu
1464 4474 1565 4536 carina
