3122 5362
508 343 676 398 wsuiseoaa
1148 331 1191 394 38

60 511 120 576 bun.
146 511 244 597 Brgol.
272 518 353 580 univ.
404 517 483 580 Nsss
507 524 539 580 et
560 517 704 581 Hcassca.
733 516 831 599 Brpol.
861 537 958 601 geron.
1012 519 1044 585 G.
1073 520 1189 584 uonna

126 619 249 704 Sgnops.
293 622 339 686 Dn
360 621 470 686 Nossa.
494 621 603 704 Syllab.
649 621 786 686 lisoius
809 621 919 688 Skaud.
943 625 1022 689 Flos.

32 723 115 786 Vario
132 727 244 789 motu
265 725 368 790 Knunn
391 727 423 790 iu
445 727 540 790 Srunrr
561 726 603 788 ltl.
627 743 722 810 gerno.
757 745 784 788 a.
807 729 909 792 adeor
931 729 1025 793 lloor.
1050 737 1082 793 et
1102 729 1188 794 lan.

28 829 141 892 iriensis
159 831 275 894 striato
297 831 346 894 W.
363 838 394 894 et
409 829 447 894 lt.

31 934 112 996 We
128 937 247 1015 punito
270 942 302 998 et
323 936 467 1018 leptodon
489 935 570 998 Baro.
594 934 693 1018 Bryol.
717 937 797 1001 uois.

28 1037 227 1103 llddoodsr'o
250 1041 354 1122 [spec
374 1040 424 1105 ua.
440 1047 472 1104 et
488 1041 552 1105 Sca.
576 1039 676 1123 Bryol.
701 1059 807 1125 europ.

87 1142 180 1206 llobit.
204 1144 238 1206 in
261 1147 379 1226 rupium
402 1143 520 1208 fissuris
542 1146 718 1228 praeprimis
740 1163 955 1210 arenaocarurn
977 1153 1066 1229 atque
1088 1145 1190 1230 grani·

28 1247 117 1342 brun
139 1256 168 1310 et
198 1249 594 1330 rnicaceo-schistosarum,
618 1251 716 1314 rarius
745 1251 782 1314 ad
812 1258 923 1314 terram
952 1251 1106 1334 abruptam
1133 1268 1189 1332 per

28 1353 144 1433 regionem
174 1361 350 1419 monuuaro
373 1361 405 1417 et
426 1353 612 1436 subalpinsrn
635 1353 775 1437 Europae
806 1355 924 1420 mediae
942 1334 1043 1438 -atque
1066 1363 1187 1438 septen-

28 1457 135 1520 nouos.

83 1563 176 1626 Froct.
201 1571 317 1626 mutor.
360 1563 461 1645 lunio,
484 1563 514 1626 in
538 1563 644 1646 alpinis
667 1563 746 1626 lulio
769 1571 800 1628 et
822 1563 972 1648 Augusto.

72 1681 224 1752 Cacspitulos
244 1669 390 1753 pulvinatos
413 1685 456 1738 vel
476 1685 565 1754 planos
590 1687 672 1754 magis
695 1686 864 1739 condensatos
883 1701 957 1756 quaro
974 1687 1001 1738 in
1018 1687 1186 1756 sequentibus

28 1767 84 1836 ebrit,
99 1772 215 1841 aquibus
238 1773 380 1842 peristomii
393 1771 510 1826 dentibus
523 1773 684 1842 perangustis
701 1771 755 1825 basi
774 1771 878 1825 dilatato
896 1773 963 1826 baud
981 1789 1039 1825 raro
1056 1772 1108 1826 late
1126 1789 1186 1842 por·

28 1857 65 1908 ne'a
79 1859 244 1928 distinguitur.

390 2008 418 2075 t.
455 2006 571 2075 welslt
593 2005 788 2074 denticulata.

441 2146 512 2202 Bnrn.
530 2147 637 2200 blascol.
651 2147 735 2216 suppl.

84 2267 241 2352 Caespituli
264 2270 450 2353 irregulares
478 2268 549 2334 larri-
567 2270 647 2332 lacte
671 2269 793 2332 virides.
838 2267 957 2332 Plantae
979 2267 1037 2330 illis
1067 2267 1109 2331 W.
1130 2269 1187 2349 [o-

28 2373 84 2446 rso's
100 2374 301 2440 robustiores.
346 2373 427 2438 Folia
449 2372 587 2459 longiore
610 2373 763 2437 flexuoso·
786 2380 818 2437 et
839 2372 1083 2455 recurvo-petula
1106 2372 1186 2438 eicos

28 2473 282 2561 initu-crispato,
306 2471 413 2543 leviter
435 2480 572 2560 niuntia,
595 2478 902 2543 loricato-lanceolata
924 2477 1009 2561 apice
1024 2493 1135 2561 grosse
1157 2483 1189 2540 et

28 2587 108 2643 cocu
128 2583 264 2664 denota,
288 2582 436 2663 casinate,
459 2590 543 2646 costa
565 2583 622 2646 sub
644 2583 729 2665 apice
753 2581 887 2648 evanida.
932 2582 1060 2666 Capsula
1081 2581 1111 2644 in
1134 2601 1187 2664 pa-

28 2677 106 2748 licello
126 2687 307 2770 plenumque
330 2687 468 2772 longiore
490 2690 597 2771 major,
620 2685 864 2771 ovato-globosa,
887 2687 967 2766 collo
987 2685 1187 2767 distinctim,

28 2787 127 2872 rolidior,
150 2793 353 2871 lascescens,
377 2795 458 2858 sicca
481 2810 575 2858 vacua
598 2792 696 2856 miuus
718 2790 867 2874 profunde
890 2791 1020 2870 sulcata,
1044 2791 1188 2874 operculo

28 2891 198 2962 rbnlrostro.
239 2897 410 2961 Peristcnrii
432 2897 543 2961 dentes
565 2915 583 2960 e
605 2897 671 2960 basi
694 2897 860 2961 lanceolata
881 2902 1012 2980 anguste
1034 2896 1186 2960 stabulatu

28 2991 124 3082 locales,
146 3001 320 3088 longiores,
343 3001 517 3082 solidiores,
540 3000 644 3065 erulo
658 3001 811 3084 purpurei,
834 3001 1045 3084 persistentes.
1087 2998 1187 3082 bryol.

29 3113 69 3162 tu.
86 3105 179 3188 loll,
203 3107 279 3172 rao.
295 3102 347 3169 to.
876 3153 896 3192 o

37 3217 109 3290 l's'sio
129 3231 339 3306 deotissime,
366 3235 473 3294 trunco
505 3235 609 3292 erecto
631 3243 771 3307 rarnoso,
802 3226 881 3291 loliis
904 3225 1067 3290 linearibus
1090 3224 1186 3288 undu·

120 3333 185 3398 latis
215 3333 367 3397 contortis
402 3333 457 3396 sub
481 3333 595 3416 apicem
623 3331 832 3413 denticulatis,
862 3331 1002 3413 capsulae
1026 3348 1185 3414 campanu—
1261 3394 1269 3412 ,

118 3437 195 3504 latae
219 3437 367 3522 operculo
397 3445 483 3500 acute
506 3441 647 3500 rostrato.
701 3435 781 3498 Bnrn.
805 3436 927 3500 blascol.
951 3443 1065 3501 recent.
1090 3435 1185 3524 suppl.

120 3563 147 3624 p.
166 3541 238 3610 108.
286 3545 452 3606 Soawason.
471 3541 569 3624 Suppl.
585 3539 608 3622 l,
633 3541 661 3605 P.
680 3539 703 3619 l,
728 3561 754 3622 p.
772 3539 824 3622 25,
848 3541 918 3604 'lala
934 3539 1010 3605 XIX.
1054 3539 1132 3603 Nsss
1156 3548 1187 3604 et

123 3647 266 3712 lionrrscn.
289 3645 390 3728 Bryol.
407 3664 503 3728 germ.
549 3646 581 3708 C.
599 3645 686 3708 Mona
710 3645 835 3726 Spnops.
880 3645 989 3708 Horou.
1014 3644 1124 3708 Slrand.
1144 3647 1185 3708 pp,

29 3741 227 3816 llddooet'sic
259 3751 450 3815 deotimlctc
472 3749 566 3812 Roucn
592 3758 622 3812 et
646 3750 741 3814 Sason.
770 3749 868 3832 Rryol.
902 3766 1006 3832 europ.
1064 3749 1185 3813 Wuson

121 3855 216 3938 Brgol
240 3855 314 3920 erro

35 3949 115 4022 idtio
134 3965 244 4025 stricto
266 3979 336 4024 cor.
359 3963 462 4040 major
483 3959 576 4024 lloon.
593 3966 624 4023 et
638 3956 722 4022 nnn.
745 3958 869 4021 blascol.
892 3956 963 4020 Brit.

91 4079 182 4146 liubit.
204 4085 235 4146 in
257 4083 378 4165 rupium
401 4081 519 4144 fissuris
538 4081 763 4164 parietibusque
793 4081 963 4160 excavatis,
993 4079 1069 4142 locis
1103 4079 1185 4144 caris

34 4173 132 4262 stupris
146 4187 181 4250 ad
205 4195 319 4252 terram
341 4185 390 4248 bic
412 4185 472 4248 illic
494 4187 524 4248 in
545 4186 674 4269 regione
691 4191 827 4248 monens
851 4191 882 4248 et
904 4183 1059 4266 subalpina
1072 4184 1187 4268 Vogesi

33 4287 176 4371 elpenoris,
199 4292 393 4372 sudaturam,
412 4291 479 4376 jugi
501 4289 711 4368 scandinavia,
734 4288 864 4371 Alpium,
887 4273 1108 4375 &tensaurum
1122 4288 1186 4367 ubi,

34 4384 87 4452 loce
112 4395 144 4457 cl.
170 4396 293 4462 incuss
321 4394 544 4481 pulcherrirna,
578 4401 612 4457 ut
641 4411 801 4478 nusquam,
836 4409 929 4479 ptupe
960 4391 1118 4476 omem
1149 4393 1187 4456 de

33 4485 133 4571 Bigorra
150 4499 217 4585 legi

103 4841 113 4878 t
