3336 5352
620 344 785 398 introductio.
1197 346 1304 400 xxxlx

124 520 261 582 tendatur.
309 519 513 584 consistentia
546 519 660 582 sensim
695 519 812 582 mollior
846 517 878 582 lit
907 519 945 583 ab
979 520 1181 589 exterioribus
1213 523 1302 604 loliis,

121 643 166 706 pro
186 642 266 688 more
289 625 477 705 minoribus,
508 623 546 688 ad
568 624 716 687 interiora
739 623 854 686 sensim
876 611 1099 706 accrescentia,
1133 625 1303 710 eodemque

122 719 238 810 tempore
271 728 402 792 cellulae
437 728 571 792 laxiores
608 726 777 792 efficiuntur
812 746 891 810 eque
924 729 1062 793 tenuiore
1096 729 1303 794 membranula

122 833 310 896 sternantur.
357 831 468 913 Costa,
501 849 568 895 curn
591 831 694 912 adest,
729 832 843 896 sensim
875 833 995 896 tenuior
1025 831 1128 897 evadit
1149 851 1302 916 saepeque

119 939 221 1002 omnino
243 938 414 1000 evanescit
460 935 703 1019 Cbloropbyllum
726 937 825 1001 rarius
848 935 896 1016 lit,
927 936 1034 1000 bumor
1068 954 1212 1002 mucosus
1243 957 1302 1001 er-

116 1044 239 1122 siceatur,
264 1040 432 1122 colorque,
463 1041 494 1103 in
517 1039 596 1104 loliis
619 1041 746 1132 caulinis
770 1040 849 1104 lnete
873 1039 995 1122 uiridis,
1018 1041 1173 1124 pallescit,
1206 1045 1248 1108 ita
1270 1051 1302 1106 nt

116 1146 328 1228 perichaetialia
362 1143 489 1227 pallida,
525 1163 672 1220 exsucca,
706 1145 933 1208 membranacea
962 1144 1012 1208 vel
1045 1147 1238 1212 subscariosa
1271 1148 1302 1211 in

114 1252 200 1314 multis
224 1253 343 1314 muscis
367 1249 599 1332 conspiciantur.

185 1355 216 1418 ln
240 1357 356 1420 eodem
379 1353 582 1437 periebaetio,
613 1353 791 1435 praeprimis
814 1355 844 1418 in
863 1355 1031 1437 ,saginante
1055 1355 1105 1418 vel
1126 1355 1300 1438 convoluto,

112 1459 169 1523 lolia
188 1461 319 1524 sibimet
343 1461 419 1542 ipsis
442 1477 530 1541 quum
555 1459 684 1526 mammo
708 1457 863 1522 dissimilia
886 1458 1022 1546 videbis,
1046 1467 1173 1524 externa
1194 1461 1300 1525 viridia

114 1565 214 1628 muima
238 1565 422 1644 imbricata,
445 1566 563 1627 interna
587 1563 712 1626 maxima
735 1563 842 1644 pallida
865 1563 1025 1627 convoluta
1048 1572 1106 1629 etc.

181 1669 227 1732 De
264 1686 399 1731 numero
431 1667 570 1732 foliorum
600 1666 857 1748 periebaetialium
888 1667 930 1730 nil
963 1668 1039 1731 certi
1066 1669 1159 1731 statui
1180 1677 1298 1751 potcst3

115 1759 294 1857 mnm'opere
319 1774 400 1837 enim
424 1771 563 1834 diversus
587 1778 636 1833 est
657 1787 712 1852 pro
733 1770 864 1835 diversis
887 1771 1048 1854 speciebus
1081 1779 1171 1855 atque
1203 1792 1297 1858 geue·

111 1877 189 1944 rbus.
235 1878 310 1942 Duo
333 1877 385 1940 vel
405 1879 463 1940 tria
486 1882 684 1938 numerantur
706 1874 736 1935 in
758 1873 821 1956 bis,
844 1875 951 1957 viginti
973 1873 1010 1939 ad
1032 1873 1155 1958 triginta
1176 1876 1208 1939 in
1230 1877 1298 1943 illie.

182 1983 367 2047 Pericbaetii
390 1980 509 2043 indoles
536 1979 569 2042 iu
602 1979 774 2060 specierum
804 1979 1008 2062 descriptione
1040 1979 1161 2044 minime
1195 1982 1298 2067 negli-

108 2086 287 2168 gennaesa,
324 2086 532 2150 characterem
555 2082 635 2146 enim
658 2083 831 2164 specificum
853 2085 980 2166 praebet
1002 2086 1297 2167 praestantissimum

107 2191 149 2252 rix
167 2192 225 2256 ula
248 2191 458 2256 inconstantia
479 2187 660 2271 ambiguum.

538 2569 641 2658 Parc
667 2567 857 2656 sccuula.
928 2651 931 2658 .

171 2847 177 2872 ι
207 2783 413 2868 Hnsmrun
438 2781 612 2866 latitatis
637 2784 673 2863 ct
698 2777 897 2863 distributio
922 2800 986 2882 par
1010 2781 1183 2883 luropm

569 2903 823 3006 geographica

646 3097 749 3108 *nun—-

635 3222 705 3302 usp.
738 3221 759 3288 l.

376 3363 437 3438 Dc
464 3385 678 3437 muscarum
705 3363 818 3435 modo
847 3359 1010 3432 vivendi.

445 3521 473 3584 9.
492 3520 513 3573 l.
549 3520 598 3572 De
615 3521 685 3572 vita
703 3531 811 3571 eorum
829 3513 945 3568 sociali,

184 3660 280 3724 llusci
302 3658 421 3741 plantae
445 3659 615 3721 eminenter
636 3656 796 3722 sociabiles
819 3663 905 3734 sunt,
938 3661 969 3716 et
1000 3670 1060 3717 non
1092 3652 1189 3716 solum
1217 3651 1292 3715 indi-

112 3761 187 3828 ritlua
208 3763 348 3849 eiusdem
372 3761 487 3844 speciei
502 3763 678 3826 societatem
695 3763 800 3824 ineunt
821 3757 877 3824 sed
893 3759 982 3822 etiam
998 3757 1119 3839 species
1135 3756 1292 3836 diversae3

114 3869 260 3934 societates
283 3887 352 3932 cum
376 3866 574 3930 societatibus
597 3884 668 3930 sese
690 3866 881 3948 conjungunt
902 3863 1073 3944 laetumque
1104 3861 1185 3924 illum
1208 3868 1290 3943 tape-

114 3975 163 4033 tem
182 3976 367 4058 variegatum
390 3971 538 4056 effingunt
560 3973 610 4054 qui
633 3978 753 4034 montes
776 3969 938 4033 altissimos
967 3967 1075 4052 plantis
1103 3969 1291 4051 perfectiori·

117 4073 162 4138 bus
191 4076 419 4143 inaccessibiles
450 4076 578 4157 animat,
610 4075 710 4158 sylvas
740 4072 833 4137 radiis
867 4072 940 4134 solis
970 4069 1131 4153 impervias
1164 4070 1292 4134 hilarant
1369 4101 1374 4112 ·

116 4183 272 4267 terramque
295 4190 401 4247 contra
425 4180 661 4244 exsiccationem
684 4187 774 4262 atque
797 4178 1039 4261 congelationem
1061 4177 1141 4240 vitae
1162 4183 1290 4261 vegeta·

117 4279 156 4346 bili
175 4297 205 4352 et
224 4287 344 4352 animali
366 4304 463 4369 aeque
487 4284 624 4349 funestas
648 4291 819 4368 protegunt.
877 4293 879 4300 ’

191 4393 358 4456 lluscorum
381 4389 512 4454 coeundi
534 4389 641 4454 modus
665 4390 804 4453 diversus
836 4389 989 4470 reperitur
1018 4386 1209 4467 diuersisque
1236 4383 1289 4448 ‹lc-

120 4497 350 4561 mninationibus
374 4495 559 4580 designatur.
605 4494 700 4558 llusci
722 4511 849 4576 quorum
873 4491 1026 4556 individua
1056 4491 1145 4552 vitam
1168 4489 1290 4552 omnino
