3354 5380
656 405 839 463 Funeriaceae.
1282 401 1342 468 821

144 585 296 671 oblonga,
329 585 395 668 ptus
419 585 556 648 minusve
586 584 686 647 subito
715 587 897 664 acuminata,
930 584 1209 667 tenui-apicutata,
1241 586 1290 648 vel
1314 589 1343 648 in

145 691 285 754 subulam
308 690 473 754 flexuosam
492 689 644 768 exeuntia,
669 688 803 772 margine
827 689 934 752 obtuse
957 697 1075 752 serrata
1091 689 1139 752 vel
1155 688 1342 774 subintegra,

145 804 232 859 costa
265 797 345 860 lutea
382 795 437 858 sub
476 794 559 875 apice
598 793 732 858 evanida.
779 792 924 874 Capsulae
961 793 1101 876 turgidae
1140 792 1342 858 luscescentis

144 899 267 962 demum
290 900 445 962 brunneae
469 897 644 979 operculum
668 899 959 960 convexo-conicum
983 897 1141 977 muticum,
1174 897 1342 979 pedicellus

144 1005 270 1068 strictus
294 1005 429 1068 siccitate
462 1001 580 1064 interne
612 1003 819 1065 sinistrorsum
852 1019 984 1083 superne
1016 1000 1207 1065 dextrorsum
1235 1009 1342 1067 tortus.

143 1107 246 1189 Brpol.
270 1126 335 1170 eur.
358 1107 406 1187 ΙΙΙ,
429 1105 499 1169 Tab.
518 1103 580 1168 303
603 1107 651 1185 (F.
675 1105 918 1186 didbtenberpii).

144 1213 180 1277 F.
205 1215 351 1277 colcoreo
373 1210 452 1274 loliis
476 1209 650 1272 choralibus
674 1209 800 1292 piliieris
824 1211 967 1290 serratis,
1001 1215 1066 1273 seta
1089 1217 1189 1290 recta,
1221 1213 1343 1292 capsula
1371 1235 1382 1248 ·

277 1317 437 1400 oblongata
461 1315 613 1378 Wascsus.
636 1316 702 1378 Vct.
725 1313 780 1379 Ao.
802 1313 938 1380 Abband.
967 1313 1063 1393 1806,
1097 1333 1125 1396 p.
1151 1313 1229 1395 137,
1264 1323 1284 1379 t.
1308 1315 1339 1396 4,

277 1421 296 1486 l.
320 1420 340 1483 2
363 1419 475 1499 a-k3
499 1419 598 1502 ejusd.
622 1419 661 1485 rt.
685 1420 772 1484 Suec.
803 1419 831 1484 P.
854 1418 896 1498 ΙΙ,ὶ
913 1438 940 1500 p.
966 1417 1039 1482 731.
1064 1419 1179 1485 erolus.
1210 1421 1284 1501 Syn.
1309 1431 1341 1494 (e

280 1524 401 1606 specim.
425 1525 589 1594 auctoris!)
612 1523 691 1587 Baro.
714 1523 814 1606 Bryol.
830 1523 912 1586 univ.

143 1627 181 1688 F.
205 1627 427 1708 diablenbergii
450 1629 616 1690 Scawssoa.
638 1647 677 1690 ex
701 1635 786 1711 parte
809 1645 864 1709 pro
887 1628 1010 1708 specim.
1036 1645 1140 1708 europ.
1163 1627 1242 1694 Baro.
1259 1647 1298 1692 ex
1313 1648 1342 1710 p.

275 1731 327 1795 Ba.
350 1739 382 1794 et
405 1733 468 1796 sca.
490 1731 590 1813 Bryol.
614 1749 676 1798 eur.
722 1732 753 1798 O.
778 1733 890 1796 unns
914 1733 1041 1814 Synops.
1088 1732 1210 1796 Wnsos
1242 1733 1342 1816 Bryol.

277 1836 349 1900 Brit
393 1835 439 1898 Ds
460 1835 569 1900 Norae.
594 1837 663 1918 Syll.
687 1855 775 1919 exp.
821 1837 928 1902 linars.
953 1835 1062 1900 strand.
1087 1835 1128 1898 Fi.

143 1943 216 2004 Var.
232 1945 261 2018 β.
274 1943 394 2022 param
426 1941 515 2004 Paulo
540 1943 642 2024 major,
667 1939 746 2006 loliis
770 1941 1099 2022 obovato-spatbutatis,
1124 1940 1244 2004 brevius
1266 1961 1337 2004 acu·

276 2047 406 2124 minatis,
429 2046 565 2128 margine
589 2045 694 2108 obtuse
718 2045 880 2110 crenulatis
903 2046 950 2108 vel
972 2046 1169 2128 subintegris,
1195 2043 1334 2127 capsulae

275 2149 425 2231 pcdioelto
448 2149 596 2232 longiore.

145 2255 225 2317 Fran.
248 2255 388 2334 neglecto
409 2253 453 2316 Da
475 2252 603 2316 Nornms
627 2259 676 2317 mt.

141 2359 223 2421 Fun.
246 2358 426 2421 Fontoncsii
448 2358 614 2422 Scnwaaan.
636 2375 675 2419 ex
697 2359 799 2437 parte!

143 2463 215 2526 Var.
227 2487 253 2544 γ.
267 2461 416 2544 lioccrdm
440 2463 520 2526 loliis
536 2462 699 2526 comalibus
715 2461 914 2544 longioribus,
928 2459 1204 2542 flexuoso-patulis,
1222 2464 1338 2526 tenuis-

278 2568 363 2630 simis
387 2567 515 2632 maxime
538 2565 688 2646 flaccidis,
712 2567 846 2630 siccitate
870 2565 1028 2630 tortilibus.

234 2689 338 2753 liubit.
370 2691 401 2752 in
430 2697 512 2752 terra
535 2689 839 2772 calcareo-argillosa
870 2689 907 2752 ad
929 2707 1080 2774 aggeres,
1115 2693 1146 2752 in
1181 2693 1274 2756 muris
1310 2699 1343 2754 et

143 2795 272 2876 rupibus
293 2801 374 2857 terra
398 2795 539 2872 obtectis,
561 2794 721 2876 praecipue
744 2811 800 2874 per
823 2811 929 2856 zonam
953 2795 1177 2858 intermediam:
1203 2798 1232 2859 in
1249 2796 1341 2860 Gotln-

143 2899 245 2962 iandia
268 2898 305 2961 ad
328 2906 430 2980 petras
453 2897 606 2960 calcareas
630 2897 743 2979 apricas
776 2897 974 2960 Waarensaao
1004 2899 1118 2978 primus
1150 2901 1341 2978 observavit3

141 3005 178 3066 in
209 3004 365 3066 vinearum
397 3003 490 3066 muris
520 3018 613 3083 prope
638 3001 773 3064 Durlocb
797 3000 834 3062 bt.
865 3000 901 3064 D.
925 3000 1066 3064 badensis
1101 3002 1168 3072 (Aa.
1191 3003 1288 3066 Batus
1312 3011 1342 3064 et

143 3109 243 3190 ipse),
282 3109 313 3169 in
343 3107 468 3189 rupibus
503 3105 647 3168 calcareis
683 3121 774 3186 prope
809 3105 978 3166 Zitlisbeim
1008 3106 1141 3170 Alsatiae
1173 3108 1341 3188 superioris

143 3211 350 3288 (bitterrensem
373 3219 403 3274 et
434 3211 534 3292 ipse),
566 3227 659 3290 prope
692 3209 860 3288 streitberg
894 3209 1079 3272 Franeoniae
1109 3210 1171 3284 (Fa.
1196 3210 1340 3284 Annona),

143 3335 202 3400 per
233 3316 357 3380 Galliam
392 3313 618 3378 meridionalem
655 3331 702 3379 en
732 3331 776 3396 gr.
807 3331 900 3395 prope
930 3313 1086 3393 Tolosam,
1129 3313 1339 3394 blonspetium,

143 3422 337 3486 Avenionem
367 3422 398 3482 in
434 3437 586 3484 murorum
620 3419 736 3482 iissuris
767 3425 849 3482 terra
882 3415 1011 3498 impletis
1047 3417 1119 3499 legi.
1166 3417 1339 3480 Communis

144 3528 179 3588 in
200 3525 306 3590 Africa
328 3525 568 3606 septentrionali.

234 3630 336 3694 umet.
359 3637 471 3692 motor.
494 3647 577 3691 vere.

218 3748 316 3801 Nomen
331 3748 384 3814 jaro
403 3763 468 3801 anno
488 3747 555 3800 1606
574 3764 589 3799 a
606 3745 803 3814 Wablenborgio
823 3745 923 3813 plantae
943 3759 1019 3814 supra
1037 3745 1180 3814 descriptae
1194 3746 1339 3814 impositum

146 3853 182 3890 eo
199 3839 280 3904 magis
298 3835 457 3888 retinendum
476 3843 530 3901 est,
549 3851 626 3904 quum
645 3837 676 3885 F.
695 3833 897 3900 Mddleaderpii,
917 3849 967 3902 quo
980 3835 1081 3884 nominc
1094 3831 1195 3901 plurimi
1210 3832 1339 3901 bryologi‚

146 3935 176 3977 et
188 3939 235 3976 nos
248 3925 296 3992 ipsi
308 3925 334 3974 in
348 3925 443 3990 Bryol.
457 3939 561 3990 eutrop,
580 3923 693 3989 speciem
706 3920 886 3988 salutaverunt,
905 3935 919 3974 e
932 3919 1118 3988 Pennsyivania
1132 3919 1163 3973 ad
1176 3921 1341 3988 iiedwigium

147 4013 241 4078 missa,
269 4009 385 4078 pluribus
408 4011 474 4062 notis
498 4027 513 4062 a
537 4011 617 4078 stirpe
641 4025 766 4075 europaeo
789 4008 875 4060 differt
901 4017 927 4060 et
955 4010 1039 4076 potius
1066 4025 1123 4060 curn
1148 4009 1179 4060 di.
1203 4007 1341 4060 biberatica

147 4100 277 4168 congruit,
295 4114 361 4166 qnae
380 4097 435 4150 sola
453 4097 485 4148 ad
503 4097 570 4148 diem
589 4098 615 4148 in
633 4097 749 4149 Amerina
768 4103 832 4164 sept.
851 4095 987 4148 observata
1007 4105 1054 4148 est.
1081 4095 1341 4162 Schwaegrichenius

146 4187 260 4257 plantam
284 4185 453 4238 americanam
478 4201 535 4236 cum
556 4185 586 4236 tr,
604 4186 767 4236 calesceret
790 4183 928 4235 biberatica
953 4183 1121 4236 commiscens
1149 4191 1224 4250 atque
1249 4197 1341 4234 novam

146 4276 263 4344 speciem
281 4275 387 4324 maxime
406 4271 550 4339 ambiguam
569 4270 616 4323 sab
635 4272 736 4322 nomine
754 4271 784 4322 ii.
799 4269 958 4322 Fontcnesr'i
975 4271 1107 4322 instituens
1126 4267 1341 4337 perturbationem

148 4365 175 4415 in
194 4361 368 4429 synonpnniam
387 4359 480 4424 attulit,
501 4375 565 4428 quae
585 4361 627 4410 vix
645 4359 789 4411 extricando
808 4359 863 4410 erit.

221 4449 266 4500 Sat
284 4445 361 4500 facile
380 4447 544 4514 distinguitur
562 4446 629 4498 loliis
648 4443 706 4498 istis
725 4445 807 4498 subito
825 4445 974 4497 acuminatis
998 4453 1024 4497 ct
1042 4445 1068 4495 in
1094 4445 1173 4496 iorrna
1191 4443 1297 4496 normali
1315 4443 1341 4493 in

147 4536 267 4592 saboiam
285 4533 423 4588 flexuosam
441 4533 595 4600 pilitormcur
615 4535 751 4600 productis,
770 4533 891 4600 capsulae
910 4533 997 4586 brevis
1015 4530 1084 4585 colio
1102 4532 1174 4584 brevi
1195 4531 1340 4600 atturgido,

200 4633 341 4682 Sensum,
363 4629 481 4682 Spaopsts.
1082 4619 1115 4670 21
