3106 5370
474 377 614 446 Bryaceae.
1088 374 1151 443 ⁸88

25 555 69 618 llio
90 557 233 636 etoopnto
255 562 362 618 trunco
385 560 498 632 erecto,
523 553 602 617 loliis
625 552 953 632 lineari-lanceolatis,
976 553 1063 618 meon
1085 554 1151 618 basi

87 660 235 741 elongata,
258 659 358 722 llanw.
382 657 474 719 llusc.
498 655 597 721 lrond.
622 659 710 740 Stirp.
732 658 760 738 l,
791 678 818 740 p.
843 657 901 738 96,
933 666 954 723 t.
978 655 1027 722 36.
1052 659 1150 743 ejusd.

85 765 170 844 Spec.
204 763 298 825 llusc.
330 782 356 844 p.
383 760 453 824 171.
499 761 641 827 llonnsca.
671 770 702 824 et
729 763 824 828 Honen
857 761 923 826 Bot.
956 761 1030 826 Zeit.
1058 759 1150 827 1819.

86 867 164 933 an
188 866 286 948 Brpol.
310 868 390 929 univ.
435 865 479 928 De
501 866 609 954 Nossa.
634 869 704 950 Syll.

25 971 87 1036 bero
107 974 254 1052 cleopatra
277 973 442 1035 Scnwsaoa.
465 971 495 1031 in
518 971 598 1034 Lran.
623 973 671 1055 Sp.
688 971 728 1034 Pl.
745 971 793 1036 ed.
815 969 845 1037 4.
878 973 975 1038 Scaea.
991 972 1023 1036 in
1039 971 1150 1038 ceroti.

87 1073 186 1155 Eryci.
212 1092 277 1136 eur.
301 1074 410 1157 (Subg.
433 1073 566 1149 Pollia).

25 1183 69 1256 ιβ.
84 1198 300 1259 macrocarpo.
327 1180 446 1242 'Planta
467 1177 652 1242 robustior..
675 1178 803 1264 Capsula
830 1181 970 1262 brevior,
1004 1188 1149 1264 crassior,

83 1283 224 1366 colloque
257 1284 397 1346 breviore
433 1285 596 1364 instructa,
635 1283 715 1346 sicca
749 1285 962 1370 deoperculata
1000 1288 1056 1350 sub
1094 1305 1150 1350 ore

83 1388 148 1469 plus
180 1386 319 1452 minusve
347 1393 496 1452 coarctata
519 1404 681 1468 processus
704 1389 834 1472 ciliaque
857 1389 1005 1476 longiora.
1049 1390 1150 1473 Bryol

85 1511 148 1556 eur.
172 1492 193 1555 l.
218 1512 244 1555 c.

25 1595 86 1658 bera
106 1575 434 1679 macrocorp'mHoma
456 1601 487 1657 et
509 1596 653 1660 lloauscn.
684 1595 837 1681 Regensb.
862 1599 927 1664 Bot.
953 1599 1028 1664 zeta.
1057 1596 1150 1665 1819.

25 1719 67 1780 tp.
83 1702 214 1764 bomilia.
263 1701 363 1764 Caulis
386 1701 505 1778 breuis,
530 1701 609 1764 loliis
632 1702 830 1769 brevioribus.
876 1704 1004 1788 Capsula
1027 1705 1149 1785 minuta,

87 1808 116 1868 in
139 1805 290 1888 pedicello
313 1807 398 1868 brevi
426 1805 579 1886 inclinata,
615 1806 793 1885 brevioolla,
825 1809 905 1872 sicca
934 1808 1151 1892 deoperculata
1208 1873 1214 1886 ,

85 1912 138 1973 snb
162 1929 219 1974 ore
243 1909 443 1994 strangulata,
471 1909 651 1974 rulo-lusca.
697 1911 759 1976 Sca.
784 1910 894 1979 Coroll.
917 1931 945 1996 p.
970 1911 1021 1978 65.

46 2034 183 2096 debite
216 2034 344 2118 regione
378 2033 538 2115 compositi
570 2041 707 2098 montosa
738 2052 834 2118 usque
869 2037 900 2098 in
933 2035 1081 2118 alpinam,
1113 2033 1150 2098 ad

25 2137 106 2218 igines
129 2139 247 2200 uiarum
271 2155 410 2201 cavarum
442 2143 471 2198 et
498 2135 535 2198 ad
565 2138 683 2218 rupium
715 2156 932 2220 quaruosarum
965 2140 1098 2222 parietes
1121 2145 1153 2202 et

25 2257 82 2303 uras
103 2262 158 2325 per
181 2259 291 2306 zonam
315 2241 522 2304 intermediam
545 2247 635 2323 atque
664 2244 948 2326 septentrionalem3
980 2261 1044 2307 aar.
1067 2249 1097 2322 β.
1120 2245 1152 2307 in

25 2345 116 2428 alpinis
139 2347 176 2411 ad
211 2355 324 2410 terram
354 2353 385 2407 ct
413 2363 503 2428 rupes
536 2348 652 2428 rarius,
684 2366 777 2431 prope
802 2355 981 2412 cataractam
1003 2347 1153 2412 llosdecd

27 2453 120 2531 actiae,
143 2453 174 2513 in
198 2449 276 2513 valle
299 2449 396 2533 alpina
420 2451 526 2512 Gerlos
547 2448 666 2532 Tyrolis
689 2452 767 2536 legi3
791 2470 854 2518 var.
877 2476 903 2532 p.
927 2452 964 2515 ad
980 2453 1048 2516 viae
1072 2473 1151 2519 mar·

25 2571 61 2615 em
89 2557 168 2618 inter
205 2554 348 2618 Wildbod
378 2555 503 2618 Gostein
541 2563 571 2616 et
607 2554 785 2635 Bdclsstcr'o,
824 2555 1031 2642 salisburgiae
1062 2558 1151 2621 infer.

26 2675 69 2720 en.

50 2765 142 2828 Fract.
166 2771 281 2828 nsoter.
307 2764 485 2846 Septembri,
508 2765 540 2826 in
563 2762 690 2846 Alpibus
714 2762 846 2828 Octobri.

36 2883 84 2937 Sola
100 2889 165 2940 inter
187 2887 299 2939 l‘ollllas
317 2903 382 2956 qnae
401 2888 426 2938 in
439 2887 569 2952 regionem
588 2893 757 2953 campestrem
770 2885 912 2954 descendit,
931 2887 967 2938 W.
980 2888 1152 2942 acuminatas

25 2971 64 3038 lis,
86 2975 190 3043 capsula
207 2983 294 3027 tamen
314 2989 360 3040 pro
378 2990 448 3026 more
467 2975 627 3042 augustiora,
651 2974 721 3026 sicca
743 2989 822 3026 vacua
847 2973 998 3041 suberecta,
1026 2974 1151 3042 operculo

25 3059 89 3127 dore,
114 3063 211 3116 tructus
233 3063 377 3114 maturitate
395 3065 506 3115 serotina
530 3077 578 3114 nec
602 3079 652 3115 non
677 3061 866 3114 inflorescentia
890 3062 993 3115 diversa
1015 3073 1054 3116 sat
1073 3063 1151 3116 laoile

25 3147 140 3216 luguenda.
177 3150 246 3204 Cilia
266 3150 383 3202 breviora
401 3160 427 3202 et
444 3151 560 3220 longiora
578 3167 643 3220 quaa
662 3167 707 3218 pro
727 3166 797 3202 more
815 3150 882 3202 inter
899 3167 1037 3217 processus
1058 3151 1149 3204 adsunt

25 3239 136 3305 smecipne
159 3241 186 3291 in
211 3255 266 3290 var.
286 3233 315 3300 β.
335 3239 395 3290 satis
425 3239 542 3306 perlecta
568 3239 742 3306 reperiuntur,
770 3237 944 3290 transitionem
967 3237 1000 3288 ad
1029 3237 1153 3289 Weleras
1205 3241 1221 3272 ἱ

25 3337 42 3374 n
57 3327 189 3381 moderant.

364 3499 392 3567 l.
421 3499 554 3586 webers
573 3498 746 3580 tongtcotta

292 3654 386 3726 Brpunn
406 3657 500 3728 longis.
519 3657 624 3713 Sauara
641 3658 720 3742 llaec.
740 3656 817 3711 Suec.

55 3777 161 3842 Plantae
185 3781 285 3844 elatae
307 3781 460 3863 simplices
492 3782 522 3843 in
552 3779 734 3863 caespitulos
757 3779 806 3842 vel
838 3778 989 3860 caespites
1020 3777 1152 3841 conden-

25 3895 53 3940 os
71 3890 272 3949 tumescentes
294 3894 426 3949 saturata
450 3887 497 3948 vel
521 3885 745 3950 aureo-virides
768 3889 943 3964 congestae.
976 3881 1057 3946 Folia
1079 3899 1154 3946 con·

25 3989 57 4064 ta.
76 3992 242 4071 suberecta,
267 4009 284 4052 e
302 3991 376 4068 basi,
392 3992 443 4053 ubi
460 3992 694 4072 squamilosmia‚
715 3989 752 4054 ad
768 3988 883 4069 apicem
899 3987 1013 4048 sensim
1029 3987 1152 4069 majora,

25 4087 87 4172 lora,
114 4095 323 4158 noronitentia.
368 4095 551 4178 capsulam
580 4091 729 4175 pedicetlo
752 4093 996 4173 rulo-purpureo
1020 4105 1153 4172 superne

25 4197 184 4262 uminusve
215 4206 339 4262 arcuato
362 4199 514 4282 obliquata
537 4200 585 4263 uel
608 4197 821 4273 horizontalls,
856 4213 874 4256 e
904 4191 981 4258 collo
1011 4193 1154 4256 breviore

25 4297 43 4356 si
60 4300 171 4385 abrupto
193 4304 334 4385 elongata
357 4303 406 4365 vel
429 4302 742 4386 oblongo-elliptica,
777 4305 884 4362 exacte
906 4296 1075 4381 reputaris,
1105 4293 1155 4357 vel

25 4403 95 4466 tillio
113 4407 218 4471 leniter
240 4409 364 4471 incurva
383 4408 430 4472 vel
445 4427 582 4487 recurva,
606 4406 742 4485 solidior,
758 4403 989 4483 curculio-ruia,
1009 4400 1155 4484 operculo

25 4514 216 4577 roacrio-conica
241 4513 414 4576 condolore.
460 4513 668 4578 Peristomium
693 4525 850 4594 magnum,
882 4506 1005 4589 pulchre
1030 4505 1153 4586 luteum,
