3290 5370
362 379 426 442 538
874 385 1037 454 llypnaeeae.

492 561 633 624 rotundis
653 561 837 642 squamatim
849 562 1100 626 incumbentibus
1123 562 1262 626 unium
1284 563 1350 628 Bot.
1367 563 1463 626 Paris.
1484 554 1552 636 137,

361 662 890 854 HypsurrsTetijdeofirffimY‘Smwmm.
915 770 1002 854 Spec.
1026 769 1121 833 llusc.
1143 767 1179 852 ll,
1204 789 1231 852 p.
1254 767 1327 836 225.
1357 771 1439 834 Bam.
1457 769 1555 851 qul.

489 875 569 940 univ.
607 873 651 935 De
673 871 799 937 Nornnrs
823 874 893 956 Syll.
928 873 961 938 G.
984 873 1100 937 diuersa
1123 875 1193 955 Syn.
1230 873 1352 938 Wnsoa
1366 874 1469 956 Brgol.
1485 873 1555 938 Brit

361 979 441 1062 Hyp.
464 980 610 1043 blandam
631 979 722 1041 Luam
746 979 775 1041 in
799 977 891 1042 lloon.
915 984 947 1040 et
967 979 1053 1042 Tam.
1076 979 1170 1043 llaec
1195 978 1265 1042 Brit.

448 1102 552 1166 liubit.
576 1103 650 1166 locis
674 1101 856 1186 graminosis
884 1100 922 1165 ad
952 1103 1066 1166 viarum
1088 1101 1200 1184 latera,
1223 1103 1261 1166 ad
1285 1119 1387 1166 muros
1410 1109 1442 1164 et
1464 1119 1556 1184 rupes

360 1214 442 1270 terra
475 1209 593 1271 obtecta
624 1224 680 1289 per
710 1222 817 1268 aonam
850 1206 1077 1271 meridionalem
1108 1206 1187 1270 haud
1215 1227 1335 1286 rarum,
1367 1207 1469 1270 rarius
1501 1223 1556 1288 per

361 1331 468 1375 zonam
492 1307 716 1390 intermediem3
750 1308 873 1390 pulchre
896 1311 958 1391 legi
980 1311 1012 1372 in
1034 1317 1095 1374 tota
1119 1311 1271 1394 Hispania,
1294 1313 1325 1374 in
1349 1309 1443 1374 Gallia
1465 1313 1554 1372 meri·
1639 1377 1640 1388 ξ

360 1416 471 1481 dionali
494 1436 587 1500 prope
611 1413 788 1494 Massiliam,
823 1414 1039 1496 llonspelium‚
1070 1415 1153 1498 Poe,
1187 1417 1231 1480 St.
1255 1418 1367 1495 Seoer,
1391 1414 1553 1497 Begesse,

358 1523 457 1585 rarius
479 1539 572 1606 prope
596 1521 743 1600 Parisios,
766 1519 796 1582 in
819 1526 916 1582 tractu
939 1519 1074 1583 rhenano
1097 1521 1231 1603 pluribus
1262 1521 1338 1584 locis
1361 1521 1472 1582 lectum
1498 1529 1554 1600 est,

360 1646 399 1690 ex
421 1646 467 1711 gr.
490 1629 519 1689 in
543 1648 580 1693 m.
606 1627 730 1690 Taunus
752 1641 846 1707 prope
876 1624 1055 1688 illesbadea
1078 1625 1285 1706 (Bauaaorsn),
1308 1627 1339 1688 in
1363 1625 1556 1710 Sylva-nigra

359 1751 453 1815 prope
482 1731 668 1812 lirilearpam
697 1728 764 1806 (Αι.
787 1728 909 1809 Baaua).
955 1729 1170 1813 copiosissime
1202 1749 1242 1794 ex
1273 1732 1381 1795 insulis
1416 1729 1554 1794 Sardinia
1639 1765 1640 1800 1

358 1843 390 1900 et
412 1837 536 1903 Corsica
558 1843 591 1898 ut
614 1842 645 1900 et
667 1853 707 1897 ex
729 1833 852 1918 Algeria
874 1835 989 1916 accepi,
1013 1851 1153 1900 necnon
1176 1853 1195 1898 e
1216 1835 1369 1898 Britannia
1393 1835 1445 1898 ubi
1465 1853 1551 1917 prae

358 1942 445 2024 cipue
469 1941 615 2004 maritima
638 1946 731 2003 tenet.

375 2046 378 2051 ’
444 2048 547 2110 Fiunt,
569 2051 680 2109 matur.
704 2051 873 2108 auctumno.

427 2149 468 2202 Ab
486 2152 557 2220 Hyp.
576 2165 647 2220 perro
666 2149 707 2202 cui
725 2147 909 2218 aliquantulum
927 2149 1011 2210 simile
1030 2159 1057 2202 et
1079 2166 1137 2204 cunr
1162 2165 1213 2219 quo
1239 2148 1362 2203 traseae
1381 2151 1556 2211 mmnutarit.

226 2235 230 2242 ’
357 2238 439 2306 primo
457 2239 549 2292 intuitu
568 2235 651 2292 caulis
669 2237 797 2290 brevioris
815 2237 891 2290 ramis
914 2247 941 2290 et
963 2237 1067 2292 manalis
1092 2237 1247 2292 abbreviatis
1275 2239 1403 2305 curratis,
1431 2237 1554 2306 capasiae

357 2324 486 2392 pedicello
504 2325 624 2378 breuiore
642 2323 770 2392 papilloso
788 2324 943 2378 distinctum.

427 2413 486 2465 Var.
504 2413 533 2478 β.
552 2412 699 2482 piliseram
716 2409 754 2462 Da
767 2410 860 2464 Norae.
875 2411 948 2479 Syll,
967 2411 1054 2488 „loliis
1073 2411 1203 2465 latioribus
1222 2428 1254 2465 ex
1272 2411 1346 2479 apice
1364 2411 1459 2464 obtuso
1478 2411 1555 2480 longe

356 2497 722 2568 subpiliiornri-acuminatis“,
741 2499 809 2553 haud
827 2501 889 2552 uidi.

426 2587 572 2656 specimina
591 2585 692 2656 anglica
710 2587 752 2638 uix
770 2589 846 2640 uncia
859 2587 975 2656 longiora
987 2595 1055 2655 sunt,
1073 2587 1165 2640 sardos
1182 2594 1208 2638 et
1226 2584 1356 2654 algerinus
1375 2585 1553 2653 semiperhlia.

357 2676 512 2745 Saepissime
531 2675 620 2729 sterile
639 2675 763 2745 provenit.

727 2831 801 2897 Gen.
825 2829 856 2895 8.
900 2829 1181 2896 EURHYNGlllUll.

823 2970 910 3025 Scaea.
929 2971 1017 3042 Bryol.
1035 2989 1090 3028 ear.

444 3093 563 3159 Plantae
585 3102 730 3176 repentes
753 3101 785 3159 et
807 3094 1023 3177 ascendentes,
1042 3094 1160 3159 modice
1175 3093 1358 3176 radicantes,
1381 3095 1553 3160 stolonibus

357 3201 536 3264 innovantes
558 3197 607 3261 uel
630 3217 647 3262 e
670 3197 764 3262 caulis
789 3207 820 3263 et
850 3219 1001 3264 ramorum
1024 3199 1109 3282 apice
1140 3199 1320 3280 continuae,
1351 3201 1421 3282 plus
1454 3203 1552 3265 minus

357 3304 498 3368 distincte
520 3304 844 3387 pinnato-ramulosae,
875 3304 973 3388 quoad
995 3304 1127 3372 halitum
1150 3311 1182 3368 et
1204 3305 1406 3388 vegetationis
1429 3305 1552 3370 modam

356 3409 589 3492 Brocltgtlreciis
619 3407 697 3472 haud
721 3409 894 3474 dissimiles.
939 3411 1021 3474 Folia
1049 3409 1184 3492 undique
1207 3411 1338 3492 patentia
1371 3427 1444 3473 raro
1479 3411 1550 3474 sule

356 3513 505 3595 secunda,
540 3514 647 3578 ehasi
669 3523 827 3601 angustata
851 3515 1034 3580 decurrente
1067 3514 1250 3579 obcordato·
1280 3515 1339 3577 late
1373 3522 1489 3578 ovato-
1523 3524 1552 3578 et

355 3617 678 3706 oblongo-lanceolata,
701 3627 765 3686 toto
782 3621 915 3704 margine
932 3629 1061 3702 serrata,
1083 3628 1210 3700 costato,
1233 3617 1427 3683 subscariose
1452 3621 1552 3684 rarius

356 3725 466 3806 mollia,
490 3723 596 3804 laeda,
619 3724 677 3788 reti
701 3727 784 3789 tenui
807 3732 936 3810 anguste
959 3724 1344 3809 rhomboideo-lrexagono
1369 3731 1400 3788 ct
1422 3725 1551 3788 subeer·
1639 3785 1640 3790 ,

356 3829 491 3902 micalari
522 3827 560 3893 ad
594 3828 720 3914 angulos
753 3831 898 3896 basileros
920 3830 1049 3896 dilatato.
1094 3829 1200 3893 Floras
1231 3827 1408 3913 caulogeni‚
1449 3829 1551 3906 dioiei,

232 3979 238 3994 .
355 3935 455 3998 rarius
479 3933 630 4015 mosaici,
654 3934 808 3997 rarissime
830 3935 1012 3999 hisexuales.
1058 3933 1201 3998 Remulos
1225 3933 1450 4016 perichaetialis
1473 3933 1551 3998 radi·

354 4057 436 4104 cans.
467 4039 606 4120 Calgptra
629 4038 730 4121 lugax.
762 4039 888 4122 Capsula
911 4040 941 4103 in
964 4037 1113 4121 pedicello
1136 4055 1214 4101 nunc
1233 4031 1313 4102 'laevi
1336 4055 1418 4100 nune
1441 4057 1551 4123 aspero
1639 4047 1640 4096 l

354 4162 467 4208 cernua
490 4143 540 4206 vel
561 4142 767 4224 horizontalis,
791 4141 910 4227 turgide
928 4143 1023 4207 ovalis
1039 4141 1088 4207 vel
1104 4142 1232 4226 oblonga
1249 4143 1384 4222 incurva,
1408 4145 1550 4208 solidius·
1639 4171 1640 4174 ¹

354 4250 429 4313 cula.
476 4247 660 4332 Operculum
690 4249 720 4312 in
752 4255 885 4310 rostrum
920 4247 987 4330 plus
1025 4247 1123 4312 minus
1161 4247 1332 4332 elongatum
1370 4247 1550 4330 productum
1639 4249 1640 4252 ’

355 4353 452 4434 (unde
490 4357 625 4430 nomen).
669 4352 808 4416 Annulus
845 4353 1048 4436 conpositae,
1071 4370 1142 4444 raro
1179 4351 1286 4415 nullus.
1339 4351 1550 4417 Peristomiem

354 4457 579 4538 liraeltgtltmii.
626 4457 772 4522 Habitatio
795 4457 952 4520 terrestris
975 4463 1007 4520 et
1028 4456 1170 4520 saxatilis.

441 4563 583 4644 Hypatam
607 4579 686 4624 omn.
711 4571 787 4626 auct.
