3104 5364
523 359 679 414 Pettiaccac.

414 537 442 604 b
485 534 619 603 liarbrla
640 535 766 604 dottcs.

423 649 548 704 Trichort.
566 649 666 704 aloidas
685 649 761 704 Kosa.

84 766 157 830 lolia
190 764 252 828 illis
281 763 495 848 praecedentis
527 766 616 848 paulo
643 766 817 848 angustiora
845 772 876 828 et
902 764 1060 849 longiora,
1093 764 1192 826 minus

18 873 102 954 patula,
122 879 211 935 acute
228 873 406 951 acuudnato,
429 881 516 936 costa
538 872 576 938 ad
600 872 731 937 medium
753 871 919 934 incrassato
942 869 1097 952 dorsoque
1120 886 1191 932 con-

18 996 83 1040 cana.
110 976 240 1058 Capsula
263 996 281 1039 e
305 976 447 1058 pcdicelli
464 986 624 1042 curvatura
648 993 763 1040 cernua
779 983 810 1038 et
825 973 1091 1053 subborizontalis,
1107 973 1192 1038 olon·

16 1081 285 1164 gatocyliudracea,
320 1082 517 1162 subarcuata,
557 1083 653 1147 latere
684 1080 804 1146 coelum
833 1086 991 1162 spectante
1018 1077 1192 1144 ruso-susce

15 1185 132 1248 inforiore
154 1184 267 1268 pallide
291 1184 388 1251 lusco,
434 1186 572 1270 Calyptra
600 1186 711 1250 brevis.
758 1183 941 1268 Operculum
965 1184 1188 1249 acutiroslrum.

15 1287 167 1352 baulme
196 1289 318 1352 cellulis
347 1292 447 1373 parvis
477 1291 641 1372 formatus,
673 1289 766 1376 longe
799 1290 978 1372 persistens.
1024 1288 1193 1352 Peristomii

15 1391 98 1454 dones
120 1394 338 1459 convolutione
363 1395 489 1478 simplici
513 1395 655 1478 contorti,
679 1397 817 1460 siccitate
833 1394 1090 1460 arcuato-incurvi
1105 1397 1190 1478 apice

15 1508 210 1584 esurgentes,
251 1499 367 1583 Sporac
390 1498 481 1581 duplo
504 1501 647 1583 majores.
693 1497 792 1582 Brpol
816 1519 881 1564 eur.
905 1498 940 1580 ll,
963 1498 1034 1562 Tab.
1061 1495 1131 1564 139.

19 1621 137 1686 lrr'rlost.
161 1623 287 1686 alcidae
309 1620 418 1702 (Koca)
443 1622 528 1685 caulo
552 1630 655 1688 erecto
677 1639 800 1688 ramoso
823 1621 919 1702 brevi,
943 1619 1024 1684 loliis
1047 1620 1189 1706 oblongis

115 1728 236 1792 obtusis
269 1727 403 1790 incurvis
434 1727 640 1812 integerrimis
670 1746 814 1792 mucrone
846 1743 939 1811 parvo
962 1724 1188 1790 denticulatoc

114 1851 210 1897 nervo
234 1831 387 1913 obsoleto,
411 1830 518 1896 thecae
535 1831 747 1914 cylindraceae
771 1832 916 1918 operculo
932 1830 1082 1914 suhulato,
1107 1833 1188 1914 peri·

115 1937 217 2002 stomii
240 1936 385 2001 dentibus
410 1938 495 2022 apice
518 1937 759 2002 subintertextis.
784 1937 864 2002 Baro.
881 1936 930 2001 Br.
954 1954 1005 1999 un.
1022 1936 1045 2018 l,
1069 1955 1098 2018 p.
1113 1931 1187 2001 816.

16 2039 115 2105 lactata
137 2043 247 2124 rigido
269 2043 366 2106 lloou.
390 2050 421 2106 at
444 2044 528 2108 Turn.
574 2045 670 2108 Sarra·
693 2043 780 2128 Engl.
803 2041 869 2106 Bot.

15 2141 102 2226 mura
122 2150 263 2230 rigidam
284 2147 384 2212 Draus.
412 2150 507 2228 (teste
531 2148 677 2226 Wrusou).

15 2245 124 2314 bubula
146 2254 271 2317 alcides
294 2252 344 2319 Ba.
368 2259 399 2317 et
423 2254 487 2319 Sca.
511 2252 560 2317 Br.
584 2273 650 2317 eur.
675 2255 694 2316 Ι.
711 2272 736 2320 c.
781 2251 814 2318 C.
830 2251 918 2318 bibra.
942 2251 1016 2334 Syn.
1053 2251 1089 2315 D.
1113 2249 1185 2314 Nor.

77 2373 175 2438 llobit.
200 2375 233 2439 in
258 2383 339 2439 terra
356 2377 517 2460 argillacea
534 2377 571 2441 ad
589 2395 721 2462 aggeres
738 2384 769 2439 et
784 2392 897 2453 muros,
921 2373 959 2437 ad
981 2389 1074 2456 rupes
1095 2373 1185 2438 semi·

15 2471 208 2562 decompositas
233 2499 291 2562 pcr
313 2499 419 2544 zonam
448 2481 659 2546 intermediam
692 2489 782 2566 atque
814 2478 1061 2558 meridionalem,
1093 2478 1186 2542 multo

15 2581 85 2644 ninus
108 2585 258 2669 frequens
282 2603 370 2668 quam
394 2585 429 2650 B.
454 2590 617 2670 ambigua:
647 2587 679 2649 in
700 2586 826 2669 rupibus
849 2583 1186 2670 poeciliticoarenariis

15 2703 79 2768 prope
104 2687 263 2773 bipontem
294 2698 383 2773 atque
407 2693 660 2758 Kcr'serrlcutcrrr
691 2692 741 2757 ubi
772 2691 842 2756 clar.
873 2691 954 2756 lloca
984 2689 1063 2754 Flor.
1086 2707 1183 2775 germ.

15 2800 90 2855 ructor
111 2794 227 2860 detexit
251 2803 283 2859 et
306 2797 373 2878 ipse
396 2797 473 2881 legi,
505 2800 537 2862 in
562 2799 715 2862 tinearum
746 2799 839 2860 muris
868 2795 989 2860 ditionis
1013 2796 1184 2880 Stuttgarti·

15 2895 74 2957 ansis
100 2901 224 2981 copiose
259 2901 381 2982 inveni,
418 2920 513 2985 propo
542 2903 720 2983 Massiliam,
759 2902 898 2967 Tolosam
928 2907 985 2964 etc.
1011 2900 1120 2964 lectam
1145 2901 1183 2967 cl.

18 2995 240 3068 Scor-emam
270 3005 366 3086 misit,
397 3005 431 3072 li.
460 3008 569 3073 Seneca
596 3027 613 3070 e
642 3007 811 3088 Britannia,
841 3003 1116 3072 sicam-mamm
1143 3023 1184 3070 ex

16 3119 66 3184 apo
79 3123 214 3191 romano,
240 3109 277 3174 0.
296 3111 445 3176 Scaurum
462 3131 479 3175 c
495 3113 652 3194 Dalmatia,
667 3113 694 3177 l.
718 3112 834 3177 Munera
850 3131 868 3176 c
882 3112 960 3178 Bois
975 3112 1014 3176 dc
1030 3113 1062 3174 lc
1076 3107 1183 3176 Bottia

19 3223 81 3291 libe
102 3213 273 3297 (imorcer,
304 3216 356 3280 ubi
377 3217 512 3302 uulgaris
545 3224 602 3284 etc.
646 3216 680 3282 ln
702 3219 828 3303 Algeria
851 3219 990 3284 Senum
1018 3222 1050 3280 et
1070 3215 1182 3280 Duarsu

20 3307 131 3394 aarum

370 3512 503 3596 Subgen.
528 3512 557 3580 2.
602 3512 787 3579 Barbula.

76 3649 185 3716 antae
215 3669 388 3735 perennes,
426 3653 646 3735 caespitantos,
676 3660 775 3717 aetate
810 3651 982 3718 dichotomo
1013 3651 1178 3737 fastigiata·

15 3761 129 3816 nccare.
164 3756 249 3822 Folia
272 3759 505 3838 tereti-costato,
530 3758 584 3821 alis
607 3757 685 3822 baud
708 3759 836 3822 inflexis.
876 3759 1046 3824 peristomii
1069 3758 1177 3824 dentes

17 3849 206 4018 itlnanbrnna
228 3863 353 3928 basilari
382 3863 534 3928 tubilormi
556 3864 624 3946 plus
648 3865 746 3928 minus
776 3860 941 3948 producta,
969 3865 1083 3948 pluries
1106 3881 1178 3929 con-

17 3963 92 4024 ronti,

80 4085 226 4156 lladdctic
250 4091 409 4156 terrestris
432 4098 463 4154 et
484 4090 642 4175 rupestris.
764 4083 770 4108 “’

332 4233 429 4347 dect.
452 4283 478 4349 l.
524 4283 802 4350 Oltloronoloe.

83 4415 217 4488 loliorum
250 4431 335 4488 costa
372 4422 496 4488 dimidio
529 4425 687 4508 superiore
719 4421 957 4488 accumulatione
988 4421 1176 4486 blamentcsa

22 4511 218 4607 chloropbyllosa
242 4527 385 4610 obsessa,
409 4530 440 4592 in
462 4529 554 4612 pilum
577 4528 730 4612 producta.
