3122 5362
501 399 671 454 wslslscsss.
1139 395 1181 460 88

22 568 159 708 nh'tassii
179 570 286 639 initas
308 587 386 640 suprs
405 572 499 628 lsurlsti
523 575 590 628 lisnsl
609 589 679 640 rsrc,
702 575 853 643 praeprimis
875 574 901 628 lu
927 575 1082 643 mormanus
1105 576 1185 632 laxio-

32 657 36 666 '
62 659 186 722 stunt.

402 785 430 852 t.
463 785 621 853 ltlcrsssn
646 785 767 853 miron.

454 926 534 977 llooa.
554 925 633 978 lllusc.
653 937 719 980 cxci.

82 1041 231 1126 Gaespites
254 1047 314 1109 laxi
337 1046 444 1110 molles
467 1055 554 1111 atro·
586 1047 634 1111 vel
658 1047 944 1112 olivaceo-virides.
990 1045 1090 1110 Cauiis
1114 1045 1184 1111 soli·

20 1143 65 1222 las,
85 1154 283 1229 lomentosus,
306 1153 392 1214 uncia
415 1154 465 1214 vix
486 1152 573 1216 altior
596 1152 644 1215 vel
666 1152 823 1215 biuncialis
846 1150 971 1236 basique
989 1151 1183 1216 decumbens.

18 1249 74 1312 lolia
94 1251 377 1337 flexuoso-patentia
401 1263 432 1318 et
455 1250 711 1320 falcato-secunda
735 1259 764 1319 in
789 1257 882 1320 caulis
911 1261 996 1340 apice
1025 1259 1184 1336 comantia,

15 1355 95 1417 ebusi
118 1357 282 1422 lanceolata
306 1361 336 1421 in
360 1361 496 1424 subulam
524 1361 729 1446 longissimam
754 1361 980 1424 canaliculatum
1003 1361 1087 1444 apice
1110 1361 1184 1444 tlen-

14 1467 79 1522 tatam
99 1466 259 1542 exeuntia,
282 1463 341 1527 late
365 1473 497 1544 costato,
521 1485 630 1549 opaca,
661 1467 796 1529 siccitate
819 1467 957 1548 crispata.
1005 1465 1184 1549 Capsulain

16 1565 135 1646 pelicellc
153 1568 298 1632 breviore
314 1569 419 1632 stricto
436 1571 629 1652 flavescente,
647 1571 929 1652 obovato-elongata
943 1576 974 1631 et
984 1569 1184 1651 cylindracea,

17 1669 83 1748 mes,
104 1678 204 1735 aetate
229 1673 393 1756 nigricans,
418 1683 549 1760 anguste
572 1675 720 1738 annulata.
765 1675 934 1737 Peristomii
958 1673 1066 1736 dentes
1089 1677 1183 1738 mino-

17 1791 61 1854 res,
85 1778 295 1862 irregulariter
317 1780 442 1870 pertusi.
488 1780 586 1862 Bryot.
610 1797 673 1846 eur.
696 1779 719 1858 l,
743 1781 814 1845 lab.
832 1773 882 1843 69.
922 1779 1110 1856 (Dimoossm
1131 1781 1184 1842 in-

15 1885 179 1963 imam.)

15 2001 157 2068 uisam
176 2007 302 2088 fulvom
325 2007 411 2070 caule
434 2007 577 2092 elongato
600 2014 704 2070 erecto
727 2025 856 2086 ramoso,
881 2004 962 2068 loliis
985 2005 1116 2088 undique
1139 2005 1184 2068 iu·

114 2111 211 2174 sertis
243 2109 585 2175 lanceolato-subulatis
625 2111 829 2197 integerrimis
861 2111 1001 2180 concavis
1039 2109 1183 2174 flexuosis

117 2217 261 2278 siccitate
277 2217 427 2298 crispatis,
450 2233 545 2279 nervo
560 2231 678 2297 cresso,
700 2214 962 2298 periohsetisllbus
978 2215 1184 2300 vaginmtibus

114 2319 271 2398 cristatis,
308 2327 373 2382 scta
404 2319 616 2401 breviuscula,
654 2319 775 2402 capsula
809 2319 956 2402 oblonga,
995 2318 1183 2401 cylindrscea

113 2433 229 2488 erecta.
276 2424 370 2490 lloou.
393 2423 486 2488 llusc.
500 2433 581 2490 exot
605 2424 676 2488 lab.
694 2422 818 2488 CXLIX

11 2523 155 2592 limones
177 2531 387 2611 interruptum
410 2528 536 2608 (llum),
560 2528 645 2592 baca.
668 2535 700 2590 et
723 2529 802 2592 Scin.
825 2526 923 2608 Bryol
947 2545 1011 2591 eur.

76 2651 173 2714 liubit.
206 2649 247 2713 ad
281 2669 353 2712 saxa
384 2652 521 2715 arenaria
555 2651 602 2714 vel
633 2651 779 2728 granitica
804 2649 945 2714 umbrosa
968 2648 1130 2733 praecipue
1153 2649 1183 2712 in

12 2750 81 2832 sylvis
102 2755 250 2841 lagineis:
284 2754 317 2818 ln
339 2757 462 2840 Vogeso
485 2773 635 2818 arenaceo
666 2753 743 2817 band
774 2772 876 2816 rarum
905 2751 959 2815 sed
987 2770 1058 2815 raro
1081 2752 1183 2816 tructi-

11 2853 95 2938 ieans3
123 2861 152 2923 in
176 2859 285 2942 'l'yroli
314 2859 504 2924 meridionali
532 2877 628 2943 prope
652 2861 759 2922 Meron
782 2859 818 2922 cl.
842 2858 1010 2920 Bussencsn
1038 2857 1129 2940 legit,
1152 2859 1183 2920 in

10 2963 106 3042 opibus
127 2965 289 3050 graniticis
315 2966 450 3027 erraticis
473 2983 567 3048 prope
593 2965 679 3027 Tlmo
702 2962 751 3038 (cl.
775 2961 1060 3041 Fiscnm-Oosran),
1089 2969 1182 3043 pr'ope

16 3063 149 3133 l'sterscen
172 3069 297 3133 llelvet.
323 3069 408 3132 bern.
434 3069 491 3147 (cl.
514 3068 633 3144 llumr)¹
681 3067 712 3128 ln
737 3069 877 3129 America
901 3071 1045 3148 septent,
1077 3065 1127 3127 ubi
1151 3067 1181 3127 in

15 3165 69 3234 lova
89 3175 186 3239 Scotia
211 3175 346 3238 ualuas
370 3191 448 3236 anno
475 3171 557 3237 1785
580 3171 705 3249 detexit,
729 3171 802 3234 satis
825 3188 983 3234 commune
1007 3176 1037 3232 et
1058 3168 1182 3251 pulchre

19 3269 163 3342 instibcans
187 3279 380 3356 (Suuuvsnr,
402 3277 434 3342 L.
457 3278 671 3352 Lascoassux).

73 3385 169 3448 Fnsct.
195 3391 313 3447 matur.
339 3383 516 3465 Septembri.

64 3503 132 3559 Color
157 3507 323 3561 atro-viridis
350 3507 375 3558 iu
399 3505 492 3573 plsntis
522 3505 644 3558 emortuis
667 3505 692 3555 in
719 3501 816 3556 lulvum
842 3501 962 3568 vertitur,
992 3501 1060 3552 unde
1090 3514 1182 3551 nomen

47 3597 91 3644 tui.

17 3601 46 3650 m
63 3680 204 3736 llicrsssss
224 3684 418 3748 s'sstcrrsptsssss
436 3681 563 3746 Burnmu,
583 3686 609 3732 ut
627 3695 642 3730 e
661 3677 842 3747 speciminibus
860 3675 1013 3728 authenticis
1031 3673 1126 3740 elucet,
1144 3672 1180 3724 nil

15 3759 64 3816 iliud
79 3779 112 3822 est
129 3788 203 3853 quarn
223 3771 404 3823 Ds'crsssellce
422 3769 611 3822 beterosrsoltce
630 3767 709 3817 torma
729 3763 857 3832 elongate,
876 3765 1016 3830 interrupte
1036 3761 1136 3814 loliosa.

354 3943 399 4012 so.
437 3942 594 4010 lllcrssun
622 3939 816 4008 Scottlsnun.

453 4074 553 4128 rumim
570 4071 650 4125 blusc.
668 4071 724 4123 llib.

81 4195 229 4282 Caespites
265 4179 444 4261 contleusati
474 4215 492 4258 e
522 4194 608 4258 uiridi
640 4193 861 4258 luscescentes.
918 4187 1017 4252 Cauiis
1049 4192 1182 4266 erectus,
1287 4215 1291 4224 ·

19 4293 162 4382 nimbos,
198 4279 285 4366 totus
319 4299 460 4365 radiculis
496 4297 663 4362 adsentiris
699 4294 881 4379 ferrugineis
913 4293 1047 4356 obrutus.
1099 4289 1181 4354 Folia

17 4406 118 4476 pontia
138 4415 167 4470 et
188 4403 404 4484 subsecanda,
438 4405 571 4467 siccitate
595 4402 683 4485 epioe
711 4399 866 4479 llexuosa,
898 4395 1064 4476 subnitida,
1097 4393 1182 4476 apice

18 4509 189 4596 integerrima,
215 4513 275 4576 illis
293 4507 507 4594 praecedentis
524 4507 637 4590 speciei
652 4505 739 4589 poulo
755 4503 905 4584 breviora,
930 4508 1014 4565 costa
1029 4499 1181 4564 crassiore

983 4621 1023 4674 6.
