3238 5352
356 383 414 440 m
866 381 1039 442 tuomum.

357 566 450 640 atqure
468 559 654 641 pampineam
674 559 817 640 iuvantia,
839 567 1007 626 reuersum
1027 559 1221 624 umdcamm
1242 559 1460 640 stqoe·cotore
1481 575 1558 643 pua·-

357 681 452 745 pureo
474 665 523 726 vel
558 666 695 730 curantis
727 664 858 728 corollae
891 665 1057 746 petalorom
1090 667 1186 728 inmas
1215 663 1401 746 superbiunt.
1446 663 1558 726 nores

357 767 482 850 hujusce
504 770 628 852 generis
654 787 673 830 e
695 776 802 832 centro
824 770 989 851 prclidcant
1020 770 1199 851 caulemque
1227 768 1302 834 dore
1331 767 1420 833 stanti
1444 769 1557 830 nerum

359 873 529 954 iterumque·
558 881 732 936 coronetum
760 874 941 937 continuant.
994 875 1153 957 Perigcnia
1184 859 1344 936 antinoidea
1368 871 1443 934 solis
1466 871 1558 953 Poly·

360 977 519 1040 trichaceis
542 977 660 1058 propria
684 995 756 1040 esse
777 977 925 1040 uidentur.

445 1080 549 1142 Flores
573 1080 721 1144 disccidei
743 1088 774 1144 et
795 1081 948 1145 anthoidei
967 1081 1000 1144 in
1021 1081 1095 1146 solis
1116 1084 1229 1146 muscis
1250 1080 1357 1146 dloicis
1378 1080 1480 1146 adhuc
1500 1081 1559 1144 ob·

359 1184 470 1247 servati
493 1192 572 1248 sunt.

565 1359 592 1420 s.
611 1358 637 1410 o.
663 1358 711 1409 De
727 1357 817 1410 floris
833 1357 965 1408 macuti
984 1360 1110 1422 omanis
1127 1360 1311 1414 sexuulibus
1321 1359 1343 1410 ·.

447 1478 567 1562 Organa
592 1479 721 1542 mascula
746 1495 930 1559 muscetum,
953 1497 1009 1560 pro
1031 1481 1163 1564 ipsorum
1187 1481 1379 1546 similitudine
1399 1481 1560 1564 physiolo-

267 1597 274 1614 ‘
361 1584 426 1667 gica
449 1601 515 1646 cum
539 1583 705 1665 plantarum
728 1583 1014 1665 phanerogamarum
1037 1585 1181 1663 authoris,
1205 1587 1382 1650 miseridia
1396 1593 1559 1654 vocentur.

445 1686 656 1754 Antderidium
678 1705 696 1750 e
718 1686 833 1751 dusbus
855 1687 989 1770 partibus
1012 1691 1209 1770 compositum
1231 1691 1393 1771 reperitur,
1415 1707 1456 1750 ex
1478 1693 1559 1754 utri-

360 1792 429 1856 culo
451 1809 559 1874 nempe
586 1790 730 1856 celluloso
752 1791 1015 1874 spermutoplroro,
1045 1795 1134 1876 cujus
1157 1794 1251 1856 torma
1280 1795 1359 1858 inter
1381 1793 1498 1856 onmem
1525 1803 1561 1858 et

362 1896 530 1978 elongatam
547 1896 642 1957 uariat
657 1903 687 1958 et
701 1913 771 1958 raro
786 1896 912 1979 globosa
930 1905 988 1976 est,
1012 1905 1043 1958 et
1063 1897 1254 1980 spedicellc‚
1278 1913 1359 1962 nuuc
1373 1897 1458 1961 brevi
1475 1915 1562 1962 nunc

360 1999 558 2085 longiusculo,
582 1999 762 2064 ilementum
785 2001 975 2066 antherarum
999 2003 1172 2066 mentiente.

447 2102 614 2184 Utriculus,
647 2103 717 2167 dum
748 2122 875 2170 messam
903 2103 1153 2188 spermutoidesm
1176 2105 1338 2168 continens
1361 2105 1559 2185 observatur,

362 2217 562 2292 turgescens,
587 2207 689 2272 uiridis
711 2209 857 2291 apiccquc
879 2210 1016 2291 hyalinus
1038 2206 1153 2290 crudit,
1176 2227 1288 2273 vacuus
1310 2209 1437 2290 primurn
1458 2208 1560 2289 hyali-

361 2329 418 2376 ous
450 2311 593 2376 llaccidus
625 2311 744 2378 tandem
774 2313 950 2378 luscescens
972 2331 1103 2398 rugosus
1134 2322 1224 2396 atque
1254 2331 1450 2396 compressus
1472 2331 1561 2378 con-

361 2417 495 2499 spicitur.
884 2465 889 2474 .

449 2519 547 2584 llassa
578 2519 797 2599 spermatoidea
830 2519 894 2601 ipsa
916 2538 935 2581 e
957 2519 1073 2602 liquore
1107 2521 1247 2588 consum
1278 2537 1403 2584 mucoso
1436 2521 1467 2584 in
1492 2539 1560 2602 quo

365 2625 637 2706 Spumotosoidio
664 2624 998 2688 concinnato-liiiiomnia
1021 2625 1149 2690 bicilinta
1177 2625 1327 2706 spiraliter
1353 2625 1485 2688 inuoluta
1510 2627 1561 2688 in·

363 2735 475 2793 natant.
526 2727 756 2790 Fecundationis
789 2735 924 2809 tempore
952 2727 1081 2792 instante
1115 2727 1276 2792 antheridii
1307 2745 1385 2809 apex
1416 2727 1564 2808 lustinus

363 2831 512 2916 turgescit
533 2838 565 2894 et
585 2833 718 2913 aperitur
740 2831 916 2916 humerique
932 2829 1030 2893 vivido
1054 2839 1134 2896 motu
1149 2830 1276 2912 expulso
1291 2832 1403 2895 exitum
1418 2831 1563 2913 praebet.

364 2935 618 3018 Spermatozoidia
641 2935 905 3010 (Antderosoidio
927 2935 1011 3008 nna)
1041 2935 1210 3016 captivitate
1238 2951 1293 2998 sua
1324 2932 1449 2996 liberata
1469 2943 1564 2998 motu

363 3039 485 3122 proprio
507 3037 658 3120 spiraliter
678 3037 892 3120 progrediente
916 3037 1116 3119 undequaque
1139 3037 1299 3116 dissiliunt,
1322 3037 1362 3100 its
1383 3043 1416 3100 ut
1431 3037 1563 3102 auimat-

363 3141 430 3206 cula
451 3141 669 3224 progressione
691 3149 854 3222 spontanea
877 3144 1038 3228 gaudentis
1068 3151 1138 3206 ante
1160 3143 1264 3208 oculos
1287 3143 1399 3206 uasere
1420 3139 1564 3206 diceres.

450 3243 693 3308 Antheridiorum
727 3263 869 3310 numerus
907 3247 938 3310 in
971 3250 1135 3332 generibus
1170 3247 1358 3331 singulisque
1390 3245 1563 3328 speciebus

368 3350 494 3412 maxime
518 3351 612 3412 uariat
635 3357 667 3412 et
688 3351 718 3412 in
742 3353 848 3416 eadem
871 3353 973 3434 specie
996 3368 1056 3414 non
1079 3369 1200 3435 semper
1221 3352 1301 3416 idem
1323 3350 1481 3416 inuenitur.
1524 3352 1563 3416 ln

365 3453 422 3518 ada
451 3455 553 3536 specie
581 3453 642 3516 duo
673 3454 860 3520 solummodo
890 3454 939 3519 uel
960 3456 1017 3518 tria
1051 3455 1176 3536 adsunt,
1205 3457 1235 3520 in
1266 3455 1322 3520 alia
1345 3455 1563 3538 quadraginta,

364 3566 484 3624 centum
507 3563 538 3620 et
560 3557 653 3640 plura.
693 3558 848 3642 Perigonia
872 3560 1089 3644 gemmitormia
1111 3561 1252 3642 pauciora
1273 3561 1440 3640 continent,
1464 3577 1564 3641 muna

365 3661 518 3726 disccidea
540 3669 629 3743 atquc
649 3661 819 3726 anthoideu.
924 3715 931 3736 ,

453 3766 637 3848 Puraplrpses
659 3785 737 3849 quac
759 3767 934 3834 antheridiis
956 3768 1126 3830 intermixta
1149 3767 1197 3830 vel
1219 3767 1265 3830 eis
1287 3767 1459 3832 circumsita
1472 3779 1565 3853 suut,

366 3879 426 3934 tam
444 3869 574 3936 numero
596 3887 684 3952 quam
708 3871 801 3936 torma
823 3879 913 3953 atquo
943 3871 1046 3934 colore
1077 3871 1200 3934 multum
1229 3871 1310 3934 inter
1335 3889 1370 3934 se
1400 3871 1565 3940 utiterum.

367 3974 551 4054 tititcrmes,
582 3974 650 4056 plus
683 3975 780 4038 minus
814 3992 1011 4053 numerosae,
1050 3975 1225 4038 antheridiis
1255 3975 1427 4060 longiores,
1457 3979 1566 4044 rarius

366 4079 540 4158 breuiores,
573 4079 603 4140 in
633 4079 798 4163 perigcniis
828 4078 1085 4161 gemmilormibus
1108 4088 1140 4140 et
1160 4079 1295 4160 capitatis
1317 4087 1404 4160 sunt,
1437 4081 1566 4150 subcla-

368 4190 455 4247 uatae
478 4183 508 4246 in
529 4183 806 4264 capttmttormnus,
828 4181 959 4246 clavatae
981 4180 1030 4245 uel
1052 4182 1165 4264 apicem
1188 4201 1297 4248 uersus
1319 4183 1470 4250 ocellulir
1492 4205 1564 4252 am-

368 4287 465 4369 pliatis
487 4287 621 4371 globosis
644 4287 846 4368 compositae,
879 4285 908 4349 in
937 4286 1036 4348 mutus
1057 4287 1221 4370 perigooiis
1242 4287 1422 4368 discoidcis3
1452 4288 1565 4358 iiiior-

369 4409 433 4458 utes
456 4399 487 4456 et
508 4391 703 4474 spathulstaa,
728 4389 921 4472 longissimae
945 4391 974 4452 in
994 4391 1153 4472 perigouio
1167 4391 1337 4456 auttoideo.
1375 4394 1407 4458 si
1420 4393 1566 4464 colorem

405 4499 544 4584 7-th
563 4499 655 4586 idonea
673 4545 760 4600 orgum
778 4531 810 4584 ad
828 4530 936 4600 synope.
954 4527 1016 4582 rat.
1028 4527 1084 4582 Vll.
