3238 5352
374 347 456 404 XXIV
791 377 795 384 ·
883 350 1047 406 lutroductio.

373 531 458 588 arete
480 522 687 607 amplectitur,
723 524 822 588 iructu
845 532 961 588 maturo
990 524 1085 588 latere
1114 523 1242 588 dehiscit
1275 529 1308 585 ut
1336 521 1436 604 sporis
1462 515 1546 578 exitus

372 627 471 692 (latiur.

458 731 619 816 Galpptrae
654 751 724 816 pars
762 733 901 814 superior
938 733 1037 800 rarius
1075 733 1258 798 verticuliter
1303 737 1407 795 erecta
1448 726 1548 806 absque
1595 731 1596 792 l

371 836 430 900 ulla
453 837 654 901 declinatione
677 838 837 902 iuvenitur.
883 837 920 900 Ut
940 837 1098 920 plurimum
1128 845 1236 902 contra
1268 835 1427 919 superiora
1454 841 1547 892 sersus

369 942 485 1005 sensim
506 943 681 1006 incurvatur
702 943 787 1026 apice
810 932 985 1024 pleruioquo
1009 941 1150 1004 deorsum
1175 948 1344 1024 spectante,
1366 951 1490 1004 acumen
1510 926 1550 991 uel

369 1053 501 1110 rostrum
525 1048 592 1131 ejus
616 1046 814 1110 directionem
837 1045 979 1128 operculi.
999 1046 1048 1108 cui
1078 1046 1193 1109 insidet
1215 1043 1393 1110 necessarie
1416 1039 1548 1122 sequitur·

367 1150 480 1214 Exacto
508 1160 613 1217 erecte
640 1159 688 1216 est
718 1152 749 1213 in
778 1152 909 1234 capsulis
938 1151 1138 1232 symmetriois
1171 1151 1283 1214 erectis
1306 1148 1450 1234 operculo
1471 1139 1550 1206 recti·
1595 1211 1596 1216 ἵ

366 1263 467 1319 rostro
490 1257 662 1336 instructis,
685 1274 735 1320 ex.
758 1273 804 1337 gr.
828 1255 858 1317 in
880 1255 1083 1336 Enculyptim
1107 1255 1330 1334 Ortbotriebe's,
1353 1245 1551 1318 secondom

365 1360 485 1444 obliqua
508 1368 540 1424 at
562 1359 763 1425 horizontalis
785 1361 817 1424 iu
843 1361 1002 1438 macab,
1024 1359 1144 1439 Pettiis,
1167 1360 1314 1425 Barbatia
1336 1377 1364 1422 a.
1387 1377 1416 1421 a.

453 1461 626 1529 llembraua
649 1483 667 1526 e
691 1483 750 1548 qua
773 1463 905 1546 calyptre
928 1463 1056 1528 efficitur
1071 1466 1206 1528 scariosa
1221 1465 1289 1547 plus
1305 1465 1444 1528 minusue
1467 1451 1552 1522 solida

364 1574 412 1630 ost
434 1585 504 1632 raro
527 1568 780 1649 subsuoculenta,
805 1568 950 1632 inferiore
973 1575 1058 1650 parte
1082 1587 1122 1632 ex
1143 1587 1222 1650 uuo,
1256 1570 1342 1652 apice
1364 1568 1552 1632 attenuatae

362 1672 498 1756 pluribus
521 1673 696 1737 cellularum
720 1674 822 1738 stratis
846 1672 1014 1738 eliormata.
1059 1675 1242 1758 superficies
1272 1677 1370 1740 iacob
1401 1681 1434 1737 et
1464 1667 1553 1742 audo,
1595 1755 1596 1758 Ἴ

362 1784 413 1840 aut
434 1777 548 1860 plebeo
570 1779 589 1841 i.
613 1797 641 1840 e.
666 1779 732 1841 sinc
755 1778 853 1860 plicis,
877 1780 961 1862 rugis
984 1785 1015 1841 et
1035 1779 1103 1861 pilis
1118 1781 1271 1863 reperitur
1284 1783 1315 1844 in
1332 1780 1464 1844 maximo
1479 1787 1553 1838 mus·

361 1897 465 1944 corum
488 1900 629 1963 numero,
651 1885 682 1944 in
706 1881 799 1946 multo
822 1884 938 1945 minore
961 1884 1122 1962 motum,
1142 1885 1331 1966 plicatilem,
1352 1886 1491 1966 pileum
1511 1873 1555 1938 tel

362 1985 541 2050 indumento
569 1988 681 2052 mtoeo
712 1992 823 2050 tectam
854 2005 921 2050 eam
953 1988 1132 2054 invenimus.
1178 1989 1265 2054 Plicis
1288 1982 1555 2073 longitudinalibus

360 2096 432 2154 sese
455 2092 704 2156 contrahentibus
735 2091 885 2174 prolunde
919 2090 1038 2159 sulcata
1063 2093 1248 2175 conspicitur
1276 2094 1307 2158 in
1342 2089 1556 2158 Ortbotricbia

365 2196 473 2273 diutia,
496 2195 736 2278 Pipebomibiis,
761 2213 821 2278 quo
844 2195 876 2258 lit
898 2203 930 2258 ut
951 2197 1101 2278 capsulam
1125 2198 1238 2261 arctius
1254 2198 1455 2279 amplectatur
1471 2195 1555 2276 eique
1595 2263 1596 2266 Ἴ

358 2299 480 2384 longius
502 2298 678 2381 adhaereat,
703 2301 733 2365 in
756 2298 866 2364 iisdem
889 2301 1067 2382 plerumque
1089 2303 1158 2384 pilis
1178 2302 1301 2382 erectis,
1326 2303 1356 2364 in
1372 2297 1556 2384 Lepidopilo

358 2403 523 2486 squamulis
546 2404 710 2488 obtegitur,
733 2405 903 2469 indta-icio
925 2406 1010 2487 apice
1027 2406 1166 2487 spinulis,
1190 2407 1220 2468 in
1241 2407 1464 2470 Doltoniacea'a
1486 2417 1555 2466 nou·

356 2509 447 2572 nullis
471 2509 600 2573 exoticis
624 2517 687 2573 toto
710 2507 871 2591 superficie
895 2509 1010 2592 pupillis
1044 2518 1250 2592 exasperatur.
1297 2511 1557 2593 rotpuecuoram

357 2613 599 2694 Popoaotorum,
621 2614 863 2678 Doaoaonierum
886 2614 1018 2696 calyptra
1035 2613 1145 2677 minuta
1162 2615 1310 2679 cucullata
1325 2615 1394 2698 pilis
1411 2610 1556 2698 longissi-

355 2717 422 2797 mis,
444 2717 586 2796 ramosis,
611 2716 865 2802 dependentibus,
889 2735 1005 2782 comam
1028 2717 1154 2782 densam
1177 2718 1378 2784 allicientibus
1401 2718 1487 2782 adeo
1508 2714 1558 2778 ob·

353 2829 420 2884 ruta
444 2829 494 2885 est
515 2828 549 2885 ut
571 2839 631 2886 uon
655 2821 752 2886 solum
776 2840 813 2886 ea
835 2823 901 2904 ipsa
933 2821 988 2884 sed
1022 2823 1110 2890 etiam
1142 2831 1202 2887 tota
1225 2822 1348 2905 capsula
1377 2823 1484 2886 tunica
1507 2816 1557 2882 ail-

353 2923 418 2990 losa
451 2927 722 2990 circumvestiatur.
768 2925 987 3010 'legumentum
1020 2925 1077 2991 boo
1114 2927 1231 2992 tirones
1263 2945 1357 3009 saepe
1391 2945 1451 3009 pro
1487 2939 1559 2988 vera

352 3029 486 3113 aalyptra
510 3029 622 3096 babent
645 3029 868 3112 calpptramque
891 3032 985 3113 ipsam
1009 3031 1048 3094 ob
1071 3031 1268 3115 exiguitatem
1290 3029 1536 3114 praetervideut

649 3219 676 3286 ς.
695 3220 723 3274 8.
745 3220 793 3285 De
811 3220 960 3286 capuanae
977 3218 1086 3274 indole
1102 3220 1252 3282 aarum

439 3343 594 3424 Capraria,
617 3343 771 3406 nonnullis
795 3345 883 3408 tbeco
904 3344 971 3407 aliis
993 3345 1196 3426 aporonpiana
1217 3341 1314 3423 dicta,
1339 3341 1461 3408 tructus
1487 3357 1559 3425 pars

257 3489 267 3514 .
350 3445 397 3508 itta
421 3445 594 3510 essentialis
618 3453 668 3510 ost
691 3465 768 3528 quae
791 3447 972 3532 propapula,
995 3465 1110 3530 apos-ua
1131 3445 1243 3526 dictas,
1267 3447 1298 3510 in
1320 3456 1476 3514 conthu
1502 3463 1561 3512 suo

351 3551 472 3613 interno
494 3549 635 3614 ellormat
656 3551 876 3634 ellormataque
898 3553 936 3616 ad
959 3551 1182 3634 dispersionem
1205 3567 1314 3616 eorum
1335 3569 1436 3636 usque
1463 3552 1560 3618 soret

348 3653 433 3718 Duae
456 3654 548 3737 igitur
571 3655 714 3737 capsulae
744 3663 847 3738 partes
880 3655 1012 3720 examini
1042 3653 1264 3722 submittendas
1296 3663 1386 3736 sunt,
1422 3667 1562 3724 externa

348 3775 457 3840 uenrpe
482 3775 539 3822 seu
562 3757 767 3842 perioerpira,
797 3760 953 3842 pataliam
984 3777 1001 3822 a
1030 3759 1176 3824 botanicis
1208 3759 1360 3824 nonnullis
1383 3762 1561 3842 nominata,

348 3862 527 3945 internaque
550 3881 609 3927 seu
630 3881 843 3946 spermopeao.

436 3966 575 4048 Copaula
605 3975 752 4048 aeterna,
784 3967 833 4032 uel
863 3967 890 4031 si
921 3967 1013 4031 mavis
1043 3967 1236 4052 moraugium
1267 3977 1452 4052 externum,
1491 3974 1562 4056 ipsa

348 4069 469 4154 quidem
493 4077 595 4153 partes
618 4071 722 4155 pluras
745 4069 903 4135 distinctas
935 4071 1032 4136 oculis
1055 4070 1193 4136 exbibet:
1232 4071 1391 4155 capsulam
1426 4077 1563 4160 proprie

347 4177 393 4238 sia
414 4175 543 4256 dictam,
567 4176 587 4240 i.
611 4193 639 4243 e.
663 4175 816 4242 amentum
840 4191 902 4258 quo
923 4191 1034 4256 sperae
1057 4175 1170 4238 liberae
1193 4174 1241 4240 rel
1264 4175 1387 4240 sacculo
1410 4177 1563 4246 inclusae

347 4281 560 4362 maurontum
593 4281 776 4364 pedicetlam
807 4279 858 4362 qui
881 4280 1072 4344 extremitate
1095 4277 1240 4342 inferiore
1265 4281 1425 4364 saginatae
1451 4285 1562 4368 intigi-

346 4391 395 4448 tur
417 4382 487 4448 dum
512 4385 705 4450 extremitate
728 4385 887 4467 superiore
911 4384 1075 4466 capsulam,
1098 4382 1130 4446 iu
1145 4401 1233 4465 quam
1248 4387 1364 4450 senaim
1382 4385 1430 4452 uel
1446 4391 1565 4454 subito

345 4491 522 4573 ampliatur,
557 4491 624 4574 plus
648 4493 747 4556 minus
778 4489 837 4554 alte
871 4507 992 4554 ausum
1016 4486 1111 4567 tollit,
1140 4490 1320 4570 operm
1351 4509 1433 4574 quo,
1474 4497 1564 4560 raris
