3336 5352
220 447 223 452 1
357 375 405 432 m
919 375 1084 430 introductio.

357 553 390 616 in
411 553 529 634 Hypnia
551 553 690 634 propriis,
715 550 1005 631 sinuoso-lineares,
1028 551 1058 614 in
1082 551 1303 627 lirimarioccin
1327 549 1551 626 summere,

358 657 438 720 uude
460 656 616 720 reticulum
631 657 815 732 amaseam,
846 655 1083 732 rbourboideam,
1107 653 1405 735 hexagono-linceis,
1422 654 1551 727 decore,

358 763 570 839 cernicatam,
593 764 751 824 mammen
772 757 912 823 dicitur*.
951 758 1117 821 Reticuium
1138 759 1247 840 ipsum,
1271 775 1289 819 e
1312 755 1551 840 congregatione

358 863 531 929 cellularum
555 863 753 943 efformatum,
776 881 830 944 pro
853 863 1075 925 membranulae
1098 862 1247 924 cellularis
1268 861 1406 923 crassitie
1422 859 1551 921 validius

358 969 534 1033 subtiliusae
557 969 749 1050 conspicitur.
795 966 927 1030 Gelluiac
951 965 1090 1030 loliorum
1120 965 1265 1028 basilares
1297 981 1351 1046 pro
1373 981 1456 1026 more
1479 981 1550 1024 cae-

358 1074 432 1136 teris
456 1074 586 1156 majores
608 1081 678 1135 sunt
700 1080 789 1153 atquc
812 1070 1048 1134 emembranula
1072 1071 1201 1132 tenuiori
1224 1069 1410 1147 efformatae,
1434 1085 1494 1150 quo
1517 1065 1552 1129 lit

358 1185 392 1239 ut
413 1176 570 1240 reticulum
594 1177 722 1240 basilare
745 1175 841 1238 laxius
864 1184 954 1257 atque
977 1174 1115 1236 subtilius
1139 1174 1259 1253 videas3
1290 1175 1320 1234 iu
1348 1172 1405 1235 illis
1429 1171 1550 1252 specie-

359 1282 416 1344 bus
439 1289 538 1343 autem
563 1297 687 1361 quarum
709 1287 777 1342 rete
799 1281 929 1343 basilare
953 1280 1051 1340 minus
1075 1299 1092 1342 u
1114 1285 1238 1342 caetero
1266 1277 1328 1340 folii
1354 1279 1412 1339 reti
1435 1275 1549 1354 dib'crt,

358 1385 436 1450 baud
458 1401 528 1447 raro
551 1384 587 1447 ud
613 1384 693 1447 basis
716 1384 842 1466 ungulos
865 1381 989 1447 cellulas
1011 1383 1097 1446 valde
1114 1383 1267 1464 ampliatus
1288 1381 1407 1464 reperis
1423 1399 1550 1463 quarum

357 1489 574 1573 aggregatione
599 1486 667 1550 lolia
690 1489 756 1569 plus
780 1489 915 1550 minusve
939 1489 1102 1570 conspicue
1125 1487 1286 1550 auriculata
1307 1486 1485 1550 redduntur.

444 1591 529 1666 Quod
553 1591 673 1654 tandem
691 1592 725 1654 ad
744 1591 881 1654 loliorum
897 1592 1123 1654 consistentiam
1139 1593 1278 1675 pertinet,
1301 1591 1412 1668 mollio,
1433 1591 1550 1669 aclide,

358 1697 503 1778 rigidam,
524 1696 718 1758 sabearuoaa
732 1696 781 1758 vei
797 1698 982 1773 caccabate,
1005 1697 1248 1774 menbra-nacco,
1269 1697 1411 1759 rcorioac
1426 1704 1481 1758 est.

445 1799 535 1862 Color
557 1799 693 1862 loliorum
715 1800 781 1880 plus
806 1802 903 1862 minus
927 1801 1087 1862 virescens
1110 1799 1336 1882 acbloropbylli
1358 1798 1442 1879 copia
1466 1799 1550 1880 ejus-

358 1921 417 1984 que
450 1904 550 1966 virore
585 1903 750 1966 intensiore
773 1904 821 1966 uel
852 1903 991 1966 dilutiore
1015 1903 1161 1986 provenit.
1207 1904 1280 1966 Cum
1313 1901 1551 1985 oblouopbyllum

357 2009 478 2070 omniuo
501 2009 609 2087 deest,
627 2008 706 2071 lolia
729 2009 874 2088 albicant,
899 2016 931 2071 ut
953 2009 983 2070 iu
1006 2007 1091 2089 Brpo
1114 2016 1277 2088 argenteo,
1308 2008 1338 2069 in
1361 2006 1549 2086 Leucobrpis

358 2118 389 2174 et
411 2109 578 2194 Spbagnis,
609 2129 676 2174 cum
706 2113 828 2194 copiose
856 2111 942 2175 adest
971 2112 1166 2194 granulisque
1196 2113 1259 2174 suis
1280 2109 1403 2174 cellulas
1433 2109 1548 2191 implet,

359 2214 427 2278 lolia
451 2222 583 2278 saturato
606 2215 653 2276 uel
676 2214 755 2278 laete
778 2215 877 2277 virent
900 2215 1082 2293 (barbatae,
1106 2216 1338 2292 Ortbctricbc),
1361 2229 1429 2276 cum
1452 2213 1552 2276 disso-

359 2319 451 2381 lutum
475 2318 630 2400 pelliculae
654 2321 747 2382 instar
770 2319 945 2382 cellularum
968 2319 1100 2401 parietes
1124 2320 1260 2382 internos
1283 2318 1416 2396 obducit,
1439 2317 1507 2380 lolia
1534 2337 1552 2380 e

357 2422 443 2485 viridi
465 2422 631 2485 flavescunt
652 2423 780 2504 (Hypnc
803 2423 950 2503 piurima).
996 2422 1061 2486 Non
1087 2438 1157 2486 raro
1179 2431 1331 2486 caeterum
1357 2422 1553 2484 inveniuntur

359 2527 456 2590 musci
479 2543 606 2608 quorum
630 2526 767 2590 loliorum
799 2527 883 2589 color
912 2525 942 2586 in
964 2542 1166 2607 purpureum,
1201 2526 1339 2606 luscum,
1372 2525 1551 2606 olivaceum,

358 2631 555 2713 nigricantem
577 2630 714 2708 vertitur,
738 2638 769 2693 et
791 2631 923 2692 omnium
950 2630 1016 2692 lere
1039 2629 1107 2692 lolia
1124 2637 1223 2693 aetate
1242 2629 1374 2692 colorem
1397 2629 1550 2690 latescen-

359 2744 430 2815 tem,
455 2734 670 2817 ferrugineum,
696 2733 823 2813 nuscum,
847 2741 973 2797 atratum
998 2733 1143 2813 induunt3
1166 2733 1300 2815 plerique
1323 2731 1359 2795 ad
1387 2733 1472 2795 niues
1495 2732 1550 2795 de·

358 2847 466 2922 gentes
490 2838 645 2920 nigricaut.

444 2941 578 3025 Longius
601 2941 704 3006 lorsan
725 2959 813 3024 quana
836 2957 889 3022 par
911 2946 958 3002 est
982 2942 1010 3002 in
1034 2940 1113 3026 iuliis
1143 2938 1350 3004 describendis
1372 2940 1548 3002 commorati

358 3063 485 3126 sumus,
521 3047 588 3126 sed,
611 3054 644 3109 ut
661 3049 722 3130 jam
746 3045 894 3109 bridelius
912 3047 1047 3129 judicat,
1082 3047 1111 3108 in
1142 3045 1302 3128 speciebus
1332 3051 1363 3105 et
1385 3043 1552 3127 generibus

360 3149 599 3214 determinandis
622 3159 653 3214 ct
675 3149 854 3214 deliniendis
877 3151 951 3212 tanti
967 3157 1037 3212 sunt
1054 3149 1206 3228 momenti,
1229 3156 1262 3210 ut
1285 3153 1423 3211 accurata
1445 3163 1551 3209 eorum

359 3255 493 3338 cognitio
516 3254 603 3318 nimis
625 3254 827 3318 commendari
851 3261 990 3336 nequeat.

879 3445 949 3528 Cu·
980 3445 1025 3514 lli.

779 3583 840 3659 De
866 3587 1123 3683 generatione.

608 3741 634 3802 s.
654 3741 675 3792 l.
705 3743 753 3794 Da
771 3743 901 3794 Florum
918 3743 953 3794 in
970 3743 1087 3794 musea·
1104 3742 1294 3806 prumtis.

444 3862 490 3926 sd
513 3863 592 3926 bunc
615 3881 711 3946 usquc
741 3863 839 3942 diem,
873 3863 1048 3928 incredibile
1081 3863 1204 3945 auditu,
1237 3863 1328 3926 bores
1360 3861 1549 3942 propriesic

357 3967 427 4032 dicti
461 3987 478 4030 a
509 3967 658 4032 nonnuliis
693 3969 764 4031 uiris
794 3969 823 4030 in
858 3967 950 4030 rebus
987 3968 1134 4032 bolanicis
1172 3969 1298 4030 maxime
1332 3965 1436 4048 peritis
1470 3963 1548 4046 apud

358 4089 479 4134 muscos
510 4081 667 4156 negantur.
713 4073 863 4155 Brpologo
898 4071 969 4134 nulli
1001 4080 1099 4135 tamen
1131 4071 1294 4134 recentiori
1326 4071 1459 4154 ignotum
1489 4075 1546 4148 est,

358 4191 478 4240 muscos
501 4193 606 4240 omnes
630 4179 680 4260 qui
703 4179 825 4260 organis
848 4184 952 4240 carent
974 4195 1052 4260 quae
1079 4177 1211 4240 mascula
1233 4195 1304 4240 csse
1327 4181 1476 4258 putantur,
1499 4173 1547 4235 rel

360 4281 417 4345 iilis
448 4299 526 4364 quac
560 4281 689 4346 leminea
722 4280 881 4360 dicuutur,
925 4280 1023 4344 lructu
1062 4299 1183 4363 semper
1216 4280 1376 4344 destitutos
1410 4279 1546 4360 reperiri.

357 4383 467 4448 Nostro
489 4395 641 4450 caeterum
664 4392 799 4467 ternpore
822 4386 955 4450 botanici
985 4385 1043 4450 ide
1071 4386 1239 4469 dignissimi
1271 4403 1452 4469 organorum
1482 4385 1544 4448 ioe-

445 4497 534 4578 s'a'm.
555 4525 593 4578 w.
612 4525 654 4577 as
674 4525 729 4578 scr.
749 4523 853 4578 annisu.
872 4535 897 4578 n
915 4523 984 4578 reon.
1004 4541 1138 4594 orgaaogr.
1159 4523 1218 4576 raa.
1230 4523 1272 4576 vr.
