3104 5368
493 375 632 449 Bryaccae.

350 554 393 620 ll.
423 554 532 622 ldulum
555 551 771 652 cluulldlotdcs.

483 692 565 746 Barrr
583 703 639 746 mat.

67 813 152 876 Planta
175 813 402 897 speciosissima
425 816 520 896 elata,
546 817 612 878 lare
636 816 825 898 caespitosa,
860 816 982 878 ramulis
1007 815 1161 878 sterilibus

27 920 88 978 *auis
108 917 249 1002 elongatis
280 918 509 1001 macrophpllis,
543 919 629 982 caule
658 919 888 982 atro-brunuco
916 919 1011 983 solum
1042 920 1161 981 interne

27 1022 247 1086 mendicante.
292 1023 373 1085 Folia
396 1030 532 1102 remota,
568 1001 692 1107 mag'na,
727 1023 872 1086 interiora
904 1021 966 1087 sola
990 1024 1160 1086 castabasi

27 1125 93 1187 letata
115 1127 223 1188 inserta
257 1126 531 1191 rotundato-ovata
562 1133 593 1188 at
624 1133 730 1189 exacta
761 1125 907 1212 oblonga,
942 1127 1100 1208 superiora
1130 1133 1162 1188 et

27 1249 86 1290 mma
120 1230 175 1291 late
213 1229 371 1311 lingulata,
410 1231 494 1312 apice
533 1229 693 1293 rotundato
731 1231 780 1292 vel
817 1231 1062 1313 subamargioato
1090 1229 1159 1292 bre·

27 1335 94 1395 aime
114 1334 272 1416 apiculata,
305 1334 365 1396 late
393 1335 551 1415 undulata,
585 1333 807 1416 perichaetialia
839 1342 965 1397 externa
995 1333 1160 1414 spathulata

27 1457 88 1498 uma
117 1435 298 1514 lanceolata,
333 1445 416 1501 costa
449 1437 505 1499 sub
539 1439 624 1518 apice
656 1441 770 1500 sensim
804 1445 1025 1517 evanescente,
1062 1439 1159 1500 omnia

27 1543 82 1620 ruia,
103 1541 303 1620 subsanriosa,
328 1540 436 1620 mollia,
461 1541 596 1604 siccitate
611 1541 804 1632 pix-mutata,
829 1541 904 1603 retis
921 1540 1043 1603 laxioris
1059 1542 1159 1602 tenuis

27 1647 81 1707 eolis
101 1645 274 1726 obliquatis,
294 1645 416 1728 juniora
438 1645 517 1708 laete
539 1643 644 1707 uiridia
668 1645 776 1725 nitida,
801 1645 922 1708 seniora
946 1643 1157 1707 decoloraret

27 1751 149 1832 picentia.
195 1749 300 1811 Floras
323 1749 421 1811 dicici.
467 1749 593 1830 capsula
617 1750 647 1812 in
670 1749 818 1831 pedicello
834 1750 936 1834 longo,
960 1749 1042 1811 tenui
1059 1749 1159 1810 subito

27 1853 105 1930 udula,
128 1861 232 1931 ovata,
256 1859 370 1914 matura
393 1853 459 1916 viva
483 1851 679 1916 ssavo-viridis
703 1852 845 1934 pruinosa
870 1852 989 1932 mollis,
1007 1853 1157 1914 exsiccata

27 1959 111 2018 tracen
143 1957 265 2018 demum
302 1957 496 2036 luscescenS,
531 1963 630 2022 aetate
661 1963 803 2037 provecta
832 1957 929 2019 bardia.
975 1955 1156 2040 Ope'rculum

27 2079 131 2122 uacuum
147 2062 326 2143 apiculatum
342 2061 391 2123 vel
411 2061 620 2124 acuminatum.
667 2061 873 2124 peristomium
896 2068 1053 2124 externum
1077 2067 1157 2123 atro-

27 2165 80 2244 lum,
102 2167 253 2228 internum
277 2168 455 2258 aupantium.
490 2167 603 2246 Sporae
626 2163 748 2226 virides.
786 2163 835 2228 Br.
852 2181 915 2228 eur.
932 2165 980 2243 lv,
997 2165 1068 2227 lab.
1083 2163 1157 2228 toa.

41 2289 238 2350 ciacltdioides
267 2285 419 2349 lluaaausu
449 2286 574 2350 lduscol.
599 2306 694 2368 germ.
739 2285 790 2347 Ba.
814 2292 845 2348 et
868 2286 934 2350 Sca.
966 2284 1064 2367 Bryol.
1093 2304 1158 2348 eur.

93 2391 227 2453 llaarrrau
253 2390 364 2452 Skand.
388 2389 428 2454 Fl.
472 2391 594 2452 Wrasou
618 2387 714 2470 Bryol.
738 2388 810 2452 Brit.

27 2515 81 2574 mm
101 2495 315 2558 cinclidioides
338 2493 369 2557 C.
393 2493 508 2556 uuum
533 2495 660 2574 Syuops.

58 2615 149 2677 liubit.
173 2616 203 2676 in
237 2615 334 2696 pratis
366 2615 432 2676 udis
463 2623 494 2677 et
523 2615 552 2676 iu
583 2614 740 2697 paludibus
769 2613 926 2696 profundis
956 2616 1091 2698 regionis
1113 2621 1157 2680 in·

28 2715 84 2778 ioris
107 2720 233 2783 Succiae
259 2727 291 2780 ct
313 2718 498 2802 Norvcgiae:
528 2721 651 2799 copiose
675 2719 775 2782 inueni
799 2719 828 2781 iu
850 2717 1020 2802 Norvegiae
1044 2719 1157 2784 ditione

28 2823 195 2902 ristianensi,
237 2824 290 2885 ubi
322 2825 393 2886 clar.
427 2822 518 2886 Brurr
551 2823 686 2904 detexit,
725 2823 756 2884 in
791 2821 953 2904 provinciis
985 2823 1157 2905 Romeripe,

28 2930 135 3006 rpenpe,
158 2927 375 3006 Hedcmarlaia,
399 2925 575 3004 Dalecarlia‚
587 2925 742 3038 &alaudia
765 2932 797 2987 et
817 2927 847 2986 in
864 2923 977 2986 ditione
994 2926 1158 2990 ttotmtenst

28 3027 101 3089 uidem
116 3031 297 3108 observari3
322 3031 486 3112 specimina
502 3031 726 3112 speciosissima
742 3027 871 3111 pedalia,
886 3028 1039 3091 uberrime
1056 3031 1157 3094 tructi-

28 3133 80 3194 aiu
100 3135 206 3216 palude
230 3136 315 3197 inter
337 3137 425 3197 Stolo
447 3143 478 3196 et
500 3135 687 3214 chaluodo,
713 3141 796 3196 extra
820 3131 994 3212 Lidlrdpiap
1018 3134 1156 3213 Succiac,

28 3241 48 3298 la
66 3237 136 3302 bcat.
157 3239 329 3318 Lruooaau,
361 3239 411 3319 qui
433 3239 547 3320 primus
579 3235 707 3319 plantam
735 3243 867 3300 nostram
892 3236 922 3297 in
945 3235 1050 3298 Suecia
1073 3237 1156 3317 uidit,

28 3345 202 3425 amaricavit,
236 3345 270 3406 in
303 3342 410 3423 palude
442 3340 478 3404 ad
509 3341 605 3404 lacum
630 3342 741 3404 Titiaee
763 3357 898 3403 summae
922 3339 1162 3423 sylvae-nigrae

28 3441 160 3530 dialogi,
184 3467 202 3511 e
227 3445 383 3510 Britannia
407 3445 457 3508 ubi
480 3463 570 3526 parce
595 3451 626 3507 et
648 3445 716 3508 sina
740 3441 885 3506 fructibus
908 3445 1046 3524 provenit
1069 3447 1156 3508 amic.

29 3565 82 3608 aaa
105 3553 189 3616 misit

55 3653 144 3716 Fruct.
168 3664 286 3720 matur.
311 3654 409 3719 tunic.

44 3770 100 3826 later
123 3793 271 3844 congenerat
304 3785 400 3828 statura
427 3775 538 3826 omnium
567 3772 721 3840 amplissima
754 3773 863 3839 gaudet,
894 3772 1012 3840 loliisquc
1041 3773 1157 3824 maximis

29 3859 83 3911 uibus
99 3881 199 3918 anroene
216 3863 501 3934 pellucido-viridibus,
521 3861 602 3912 laxius
622 3861 697 3912 tertia
716 3858 783 3910 lraud
803 3858 924 3924 limbatis,
944 3858 1050 3926 capsula
1062 3858 1157 3927 longia·

29 3951 192 4012 rpeticettam
218 3953 312 4005 sabito
335 3949 449 4018 pandala
473 3949 548 4002 lacila
574 3965 588 4000 a
613 3948 702 4000 latmia
725 3945 864 4012 majoribus
891 3945 926 3997 tt.
950 3947 1075 4012 punctuli
1099 3963 1158 3998 aeae

29 4035 102 4092 inanit.
