3322 5376
656 403 796 473 Bryeccae.
1260 397 1323 462 805

212 579 315 641 liubit.
340 579 377 642 ad
402 586 513 642 terram
537 579 566 640 in
590 580 711 660 pascuis
732 577 823 642 aridis
847 585 878 642 et
900 581 930 641 in
954 579 1125 662 ruderatis,
1149 581 1187 644 ad
1210 583 1323 644 viarum

122 683 290 764 margines,
313 683 351 746 ad
375 701 477 747 muros
500 691 638 748 vetustos
660 691 743 748 terra
766 685 915 764 obtectos,
940 685 971 746 in
995 685 1150 748 maritimis
1167 687 1321 766 arenosis,

121 787 334 868 copiosissime
358 807 413 870 per
435 789 592 872 regionem
616 797 815 871 campestrem
839 805 935 852 zonae
959 788 1175 872 meridionalis,
1201 793 1322 874 parcius

120 909 178 972 per
201 909 309 956 zonam
332 892 550 957 intermediam.
595 892 627 954 ln
643 894 748 956 Airioa
772 901 849 976 sept.
867 899 898 955 ct
913 894 943 955 in
960 913 997 958 nr.
1013 895 1107 958 Sinni·
1120 895 1167 960 W.
1185 896 1322 958 Scaruraa

120 997 220 1078 legit,
255 1015 273 1060 e
302 999 435 1080 provinc.
470 999 638 1061 Tmuessee
669 1005 699 1059 et
727 999 858 1062 Florida
891 997 1052 1062 Americae
1084 1007 1160 1082 sept.
1196 1001 1321 1082 copiose

122 1103 236 1184 accepi.

210 1207 313 1272 Frucl.
336 1215 446 1272 rnolur.
469 1207 562 1291 Maj0,
597 1205 697 1270 lunio.

192 1329 284 1382 Differt
302 1346 316 1381 a
335 1330 384 1380 Br.
404 1330 600 1397 erytlerocerpo
617 1328 723 1398 capsula
740 1327 869 1394 breuiore,
888 1329 1025 1394 cruciere,
1045 1328 1113 1381 collo
1129 1331 1225 1384 tumido
1237 1332 1321 1388 solido

119 1425 205 1468 aetate
223 1417 365 1483 nigricante
383 1417 521 1482 instructa,
552 1416 622 1468 loliis
640 1415 761 1468 mollibus
786 1413 919 1467 latioribus
942 1413 1102 1468 breuioribus
1121 1420 1242 1471 concavis
1261 1420 1319 1474 eub-

119 1502 273 1570 imbricatis,
292 1520 306 1554 a
325 1505 376 1555 Br.
394 1503 553 1572 caespiticio
572 1503 677 1570 capsula
691 1501 798 1570 pulchre
811 1501 939 1568 rutilante,
958 1500 1029 1555 collo
1042 1506 1177 1572 crassiore,
1197 1507 1320 1574 operculo

121 1589 199 1642 altius
218 1606 344 1658 conv-exo,
364 1589 433 1641 loliis
453 1590 556 1641 brevius
576 1591 715 1657 suspiciatis
734 1588 815 1640 laxius
832 1589 916 1640 textis.
949 1589 997 1640 Br.
1015 1599 1174 1642 eorortntnm
1191 1595 1318 1646 exoticam

119 1679 236 1745 proxime
256 1680 287 1730 ad
305 1677 416 1744 plantam
433 1685 544 1728 nostram
563 1676 678 1743 accedit,
704 1677 750 1728 ead
768 1685 839 1727 certe
863 1674 896 1726 ab
915 1691 947 1726 ea
964 1684 992 1727 ut
1010 1675 1043 1728 ah
1061 1677 1215 1747 insequente
1231 1681 1318 1747 specie

119 1765 268 1818 distinctum
286 1775 333 1819 eet

531 1919 581 1987 25.
610 1921 717 2002 Bryon
739 1919 913 1987 uersicolor.

608 2062 653 2114 du.
672 2059 759 2113 Banna
777 2059 833 2113 tter.

210 2183 312 2246 Dense
335 2183 508 2266 gregarium
532 2182 581 2246 uel
603 2184 671 2246 laxe
694 2183 878 2264 caespitans,
902 2181 1053 2262 caespites
1075 2179 1156 2262 plani
1177 2181 1316 2246 incohae-

118 2295 236 2352 rentes.
282 2287 381 2351 cantis
415 2285 534 2350 humilis
565 2305 721 2368 ramosus,
758 2286 883 2351 ramulis
918 2286 1029 2348 strictis
1059 2285 1156 2348 deuse
1189 2285 1315 2350 foliosis.

118 2391 203 2455 Folia
227 2393 479 2472 erecto-patentia
502 2392 646 2475 rigidnla,
679 2390 960 2470 ovato-lanceolata,
984 2397 1069 2454 costa
1093 2408 1194 2455 crassa
1217 2391 1316 2455 rufes-

119 2503 212 2558 centc
243 2502 376 2558 exeunte
406 2495 576 2577 cuspidata,
616 2497 751 2581 margine
785 2497 908 2580 integro
938 2495 1144 2560 subrevoluto.
1191 2496 1316 2579 Capsula

118 2600 150 2660 in
174 2598 323 2682 pcdicello
345 2600 451 2662 stricto
474 2601 572 2664 subito
596 2601 744 2682 pendula,
769 2619 787 2663 e
810 2600 888 2663 coilo
911 2601 997 2662 breui
1020 2601 1316 2682 suthemisphaerico

117 2702 424 2782 rotundato-avalia,
456 2705 598 2786 rutilans,
630 2707 781 2770 exsiccata
814 2704 906 2768 multo
939 2704 1036 2768 minor
1067 2725 1155 2787 quam
1186 2707 1315 2788 humida,

118 2827 215 2872 vacua
239 2808 452 2891 deopcrculata
477 2817 686 2890 macrostonra,
709 2811 790 2873 inter
813 2809 922 2872 collum
945 2810 1113 2874 torulosum
1137 2819 1167 2874 et
1189 2830 1315 2894 sporan-

118 2915 203 2996 giurn
226 2931 285 2976 nec
307 2914 362 2976 sub
385 2931 440 2976 ore
463 2921 621 2978 coarctata.
667 2915 849 2996 Opercnlum
873 2933 1024 2999 magnum,
1048 2935 1227 2998 convexum,
1252 2920 1315 3000 api-

119 3018 260 3082 culatum.
305 3017 477 3081 Peristomii
509 3019 620 3082 interni
647 3037 814 3102 processus
843 3020 984 3084 dentibus
1018 3023 1151 3088 siccitate
1181 3025 1314 3088 incurvis
1397 3093 1401 3102 ,

119 3123 270 3206 depressi.
315 3121 413 3203 Bryoi
436 3141 500 3188 eur.
525 3123 574 3200 lV,
598 3125 669 3186 Tali.
687 3122 759 3188 379.

117 3246 174 3309 Br.
198 3245 367 3308 uersicolor
389 3244 487 3320 (Bau.)
510 3245 595 3309 Bacn.
619 3254 651 3308 et
674 3248 738 3310 Sca.
761 3247 859 3330 Bryoi.
883 3266 948 3311 eur.
994 3248 1026 3312 C.
1046 3249 1160 3312 uuna
1185 3251 1313 3334 synope.

207 3349 310 3413 liubit.
341 3350 372 3411 in
403 3357 483 3412 terra
513 3369 642 3414 arenosa
674 3351 709 3415 nd
734 3352 892 3416 fluviorum
924 3355 1019 3436 ripas:
1052 3353 1083 3415 in
1113 3351 1208 3416 Rheni
1241 3355 1314 3437 ripis

116 3455 197 3518 inira
220 3453 366 3518 Basileam
389 3454 439 3516 ubi
462 3455 552 3518 aiax.
576 3455 672 3520 Bnauu
702 3455 831 3538 detexit,
865 3458 894 3520 in
926 3457 1023 3520 insula
1055 3457 1189 3522 rhenano
1217 3477 1313 3542 prope

117 3561 356 3642 Argentoratum
380 3559 633 3640 copiosissimum,
657 3563 687 3622 in
705 3579 795 3624 arena
812 3563 908 3626 Rheni
930 3581 1024 3645 prope
1051 3564 1139 3626 losio
1157 3562 1312 3646 Rhaetiac,

117 3681 214 3748 prope
238 3663 346 3726 Meron
369 3663 489 3743 (Foru),
513 3681 606 3745 prope
635 3664 840 3749 Salisburgum
864 3667 901 3730 nd
933 3667 961 3729 ll.
984 3669 1134 3732 Solsocle
1157 3673 1189 3729 et
1219 3685 1313 3750 prope

118 3772 212 3850 Stepr
234 3767 376 3830 nustriae
399 3786 464 3851 sup.
481 3769 605 3846 (Sacrae
623 3776 654 3832 et
669 3787 727 3852 ego
743 3771 834 3853 ipsc),
857 3771 894 3835 ad
910 3769 940 3834 fl.
951 3771 1035 3836 Arce
1049 3790 1143 3858 prope
1160 3773 1312 3836 Generum

118 3873 200 3952 (los.
224 3871 363 3951 Missua).
685 3863 688 3872 ’

207 3978 308 4041 Fracl.
331 3985 442 4040 matur.
466 3986 636 4044 auctumno.
682 3979 828 4060 Capsulae
861 3988 995 4046 maturae
1025 3989 1057 4045 et
1087 3982 1264 4046 immaturae
1295 4000 1324 4053 e,

119 4082 220 4146 media
244 4089 359 4145 aestate
383 4100 480 4164 usquc
504 4083 535 4145 in
557 4082 694 4164 hyemem
718 4084 919 4164 reperiuntur.

189 4203 279 4268 Quoad
297 4202 440 4272 plantarum
460 4204 571 4256 habitum
591 4206 640 4256 Be.
659 4205 853 4273 erptlrncerpo
871 4205 964 4274 simile,
983 4206 1090 4275 capania
1108 4217 1190 4262 autem
1202 4209 1229 4260 iu
1240 4209 1312 4277 pedi-

117 4291 188 4346 celio
206 4293 295 4346 stricto
313 4291 399 4344 cubito
418 4292 529 4360 pendula
548 4292 718 4346 craseinscuia
738 4292 805 4346 coilo
824 4293 896 4346 brevi
922 4311 1008 4348 crasso
1026 4295 1081 4348 basi
1104 4295 1187 4350 subito
1205 4296 1311 4366 abrupto

117 4381 292 4433 exsiccatione
311 4378 605 4432 loculoso-coroniiormi
625 4390 708 4432 aetate
727 4382 868 4448 nigricante
893 4385 973 4450 primo
986 4385 1076 4436 intuitu
1091 4387 1309 4454 distinguendum

116 4485 132 4520 a
155 4469 202 4518 Br.
222 4473 436 4536 atro-purpureo
453 4469 551 4519 recedit
568 4467 697 4538 rigiditate
716 4472 824 4522 omniurn
843 4473 967 4540 partium,
994 4472 1113 4525 foliorum
1134 4474 1227 4540 iorrna,
1252 4491 1310 4542 cup·

116 4553 192 4610 suine
211 4553 281 4606 collo
303 4555 443 4622 crassiore,
469 4555 585 4624 operculi
604 4555 699 4609 latioris
718 4557 841 4610 diametro
860 4557 897 4610 illi
917 4559 1038 4627 capsulae
1058 4561 1113 4613 lere
1133 4561 1240 4630 aequali.
