3238 5352
857 689 927 772 cup.
957 689 987 759 tl.

710 849 770 921 De
799 849 929 924 fructu*
949 848 1130 946 perfeeto.

415 1023 585 1088 blusoorum
608 1021 722 1086 fructus
743 1022 879 1104 perfecte
902 1021 1042 1086 evolutus
1065 1041 1082 1084 e
1105 1029 1235 1104 quatuor
1256 1022 1391 1104 partibus
1416 1039 1540 1084 essen·

328 1127 446 1192 tlalibus
468 1128 652 1209 compositus
675 1134 738 1190 est:
769 1127 958 1206 eoepinute
988 1143 1045 1190 seu
1067 1127 1276 1210 integumento
1307 1125 1425 1209 partiali
1449 1125 1540 1188 infe-

326 1233 426 1312 riore,
459 1251 476 1294 e
501 1233 646 1313 celpptro
677 1231 743 1294 sive
767 1231 975 1313 integumento
1006 1231 1121 1312 partiali
1143 1231 1320 1314 superiore,
1353 1233 1545 1310 crepante

328 1355 406 1420 quae
440 1336 638 1418 pericarpium
655 1399 657 1406 ,
674 1333 846 1398 universale
880 1335 978 1414 sistit,
1012 1343 1102 1416 atque
1133 1336 1162 1398 in
1193 1335 1328 1417 plurimis
1361 1333 1562 1420 speciebus¹

327 1439 524 1522 pericarpium
548 1441 710 1518 internum,
733 1439 927 1522 sporangium
951 1457 1071 1520 nempe,
1095 1439 1235 1518 includit,
1260 1446 1292 1502 et
1313 1456 1332 1502 e
1354 1439 1462 1520 aporii
1490 1438 1543 1502 lo-

326 1561 395 1606 cum
418 1543 566 1606 seminum
589 1543 754 1625 plantarum
770 1542 982 1624 perfectiorum
998 1543 1182 1608 tenentibus.
1212 1543 1316 1606 Partes
1332 1545 1545 1616 accessoriae

327 1654 399 1710 sum
420 1648 607 1727 opermrlum,
627 1648 804 1730 premetter,
827 1649 970 1725 annulae,
990 1650 1220 1728 peristomium,
1243 1649 1405 1712 columella
1427 1655 1462 1712 et
1488 1649 1544 1712 in-

329 1749 484 1813 volucrum
507 1749 579 1814 illud
602 1750 741 1815 foliosum
765 1751 857 1833 quod,
877 1752 1061 1832 perieboetii
1082 1751 1396 1831 nomine,-fruetum,
1429 1753 1547 1814 rarius

331 1861 436 1934 totum,
460 1853 581 1936 saepius
605 1873 645 1918 ex
667 1863 763 1936 parte,
787 1855 988 1936 circumsepit.
1099 1931 1103 1938 Ι

766 2049 792 2109 5.
812 2046 835 2097 1.
856 2045 905 2096 De
924 2045 1084 2108 vaginulis.

421 2167 572 2248 Vopinulo
593 2185 662 2248 pars
686 2167 734 2230 illa
756 2176 805 2232 est
827 2185 997 2232 museorum
1020 2169 1069 2230 cui
1092 2169 1238 2251 capsula,
1264 2167 1415 2232 mediante
1440 2168 1542 2248 pedi-

328 2270 420 2350 eello,
453 2269 584 2354 infigitur
616 2278 647 2333 et
680 2290 758 2352 quae
790 2271 919 2335 medium
953 2279 1038 2336 tenet
1069 2272 1147 2336 inter
1178 2274 1293 2336 caulem
1323 2281 1355 2336 et
1384 2272 1546 2335 fructum.

331 2375 404 2438 Cum
440 2375 561 2438 nonnisi
594 2374 693 2438 fructu
724 2385 885 2458 praesente
917 2376 1106 2456 inveniatur,
1149 2377 1248 2460 potius
1279 2395 1346 2440 eam
1376 2375 1415 2440 ad
1450 2375 1550 2442 bunc

330 2494 418 2562 quam
442 2477 479 2540 ad
502 2477 582 2540 illum
607 2479 802 2543 referendum
827 2498 898 2544 csse
921 2481 1029 2562 putari.

420 2583 451 2646 Sl
474 2581 510 2644 ad
535 2583 693 2665 vaginulae
717 2584 865 2666 originem
888 2585 1052 2666 respicies,
1081 2602 1148 2646 eam
1178 2603 1196 2648 e
1219 2583 1400 2667 receptaculi
1433 2587 1549 2648 conti·

331 2687 474 2750 nuatione
499 2693 615 2748 enatam
638 2689 795 2768 reperieS,
818 2687 845 2750 si
869 2689 1122 2770 magnitudinem,
1148 2689 1283 2768 formam,
1299 2687 1551 2754 consistentiam

332 2798 364 2853 et
385 2789 575 2872 superficiem
598 2791 666 2872 ejus
689 2790 855 2870 examines,
878 2791 964 2856 valde
989 2792 1160 2856 variabilem
1183 2792 1310 2856 ridebis.

418 2893 594 2978 l'aginulam
618 2895 893 2975 coeto-plobosum
914 2896 1070 2978 laxiusque
1100 2903 1210 2960 textum
1241 2896 1352 2960 babent
1373 2895 1551 2976 preme-

334 3019 427 3076 reue,
479 2999 643 3078 oblongam
684 2997 907 3062 solirliusculam
945 3001 1104 3079 Perticae,
1155 3001 1329 3081 elongatum
1374 2999 1553 3084 Dirruna,

332 3103 446 3184 Hypso
468 3121 496 3164 e.
519 3120 564 3180 a,
595 3103 800 3182 pileiiormem
833 3103 1099 3184 Encolpptoceae,
1130 3105 1340 3184 imperfectum
1362 3103 1551 3170 Arcbidr'e-

332 3226 415 3284 cece,
440 3205 619 3286 lledrcipim
642 3225 659 3269 a
682 3205 797 3268 ramulo
820 3205 1023 3286 periebaetiali
1046 3209 1095 3270 uix
1118 3207 1285 3270 distinctam
1310 3206 1553 3274 Buebeemia-

332 3331 405 3374 cece
427 3317 458 3372 et
480 3309 562 3372 multi
586 3309 792 3390 Pleurocarpi,
816 3310 1135 3393 oboram-obtorpuere
1158 3311 1188 3374 in
1210 3309 1453 3392 pseudopodium
1482 3315 1553 3379 de-

333 3415 474 3478 fluentem
498 3415 730 3490 Andraemone,
753 3413 941 3476 discoideum
963 3416 1169 3530 pseudoppdio
1196 3413 1344 3476 suffultam
1368 3415 1553 3496 Spbegrro.

334 3517 485 3580 Orifieium
519 3519 587 3598 ojus
618 3517 666 3580 rel
696 3525 864 3581 berceolum
897 3517 1008 3582 nudum
1032 3525 1098 3598 ert,
1130 3526 1162 3581 ut
1194 3521 1224 3582 in
1247 3518 1358 3582 museis
1381 3517 1553 3604 plurinriS,

336 3621 385 3684 rel
418 3621 621 3694 membranula
654 3621 823 3702 tubllormi,
861 3642 877 3684 a
908 3623 1039 3704 calyptra
1073 3621 1234 3700 derelicta,
1274 3622 1453 3704 subintegru
1492 3631 1558 3694 vul

333 3725 472 3790 laciniata
500 3733 659 3804 coronato,
689 3734 722 3789 ut
751 3727 780 3788 in
811 3727 1047 3804 Ortbotrielreir,
1080 3727 1268 3804 Grimmieir,
1299 3724 1452 3808 appendix
1489 3737 1557 3812 qui

335 3829 506 3893 aBrldelio
528 3831 650 3893 nomine
681 3831 847 3910 oopinulee
869 3831 1075 3908 odouctrieis,
1106 3849 1122 3892 a
1152 3830 1238 3892 uobis
1269 3830 1319 3893 illo
1349 3829 1413 3892 tubi
1437 3839 1559 3914 eagi-

335 3935 416 3996 nelir
439 3933 624 4016 designatur.
672 3933 835 4016 t'aginulae
868 3931 1044 4015 superficies
1074 3933 1265 3996 volumniae
1294 3932 1387 3996 laevis
1410 3943 1558 4020 conspi-

333 4037 427 4116 citur,
459 4045 491 4100 ut
526 4039 554 4100 in
588 4039 788 4115 Pharnacem,
822 4038 964 4113 Pettieir,
995 4037 1161 4100 Dieroeeis
1193 4059 1221 4100 e.
1252 4056 1289 4100 m.
1322 4057 1349 4101 a.
1381 4035 1427 4100 uel
1466 4043 1558 4122 pilis

337 4159 414 4204 nuuc
457 4144 533 4204 raris
565 4160 642 4205 nune
673 4142 777 4204 ‹lerrsis
813 4138 887 4202 birta
929 4147 961 4202 ut
994 4141 1023 4202 in
1059 4141 1280 4204 Ortbotricbeis
1316 4139 1560 4230 compluribus,

334 4245 364 4306 in
401 4246 499 4309 multis
535 4248 754 4322 bectonem,
803 4243 1037 4324 teproutometr,
1080 4245 1275 4327 prnuceia,
1309 4247 1338 4308 in
1376 4249 1560 4318 nonnullis

335 4348 462 4412 exoticis
490 4351 653 4432 speciebus
683 4349 848 4432 squamulis
871 4347 999 4412 obmcta.
1045 4349 1180 4412 Pilositas
1203 4349 1251 4412 ref
1275 4370 1292 4414 a
1315 4347 1560 4432 parnpbysibus

335 4453 496 4514 exsiccatis
519 4453 566 4515 vel
589 4452 868 4536 aproduetionibus
891 4452 1019 4534 propriis
1043 4453 1187 4534 prouenit.
1228 4451 1418 4534 Archegonia
1443 4454 1559 4526 abor-

337 4555 396 4621 tiva
424 4557 507 4623 sicca
530 4557 608 4637 baud
630 4573 700 4620 raro
723 4555 880 4640 raginulae
905 4554 1064 4622 insidentia
1088 4555 1291 4618 inveniuntur.
