3104 5364
356 301 417 364 156
867 311 1022 364 l’ottiacenot
1124 288 1126 294 ,

350 484 450 546 Trici.
471 481 600 567 μάρου
623 483 674 551 aa.
696 495 728 548 et
751 486 816 551 Sca.
839 485 939 568 Bryol.
964 503 1028 549 eur.
1053 488 1070 549 l.
1095 509 1121 550 c.
1169 489 1257 552 littra.
1283 487 1354 569 Syn.

351 587 449 650 Trici.
473 587 643 666 1111111111)
665 589 759 652 Bacca
781 591 812 654 in
837 589 953 688 lddlleri
977 593 1090 656 muscis
1113 592 1240 657 sardois.
1286 591 1431 657 liciter.
1460 595 1534 674 Syll.

436 711 538 777 [labit.
570 713 602 774 in
633 720 716 776 terra
750 712 829 776 nuda
862 731 957 796 prope
986 702 1120 796 lplosior'
1151 707 1309 780 Sardiniae
1341 715 1394 779 nbi
1434 715 1474 782 cl.
1511 715 1540 778 iz

348 815 564 880 llmxaaanno
584 815 665 882 1821
689 819 720 881 in
745 817 842 882 rivulo
863 820 1018 882 exsiccato
1045 818 1169 883 detexit.
1200 817 1318 883 Dehinc
1342 837 1408 884 non
1431 823 1551 903 ampd

347 927 510 1002 repertum,

435 1030 538 1091 Fract
561 1035 672 1092 motor.
697 1045 780 1090 vere.

424 1149 512 1204 Planta
536 1148 666 1219 pulchella
690 1165 705 1201 a
729 1149 760 1201 11
780 1149 900 1201 Bor-iola
925 1149 1001 1201 simili
1029 1149 1076 1202 aed
1100 1150 1189 1216 majori
1209 1147 1272 1203 dore
1298 1151 1408 1217 dioico,
1438 1153 1527 1220 capeat

348 1239 437 1306 torma,
456 1238 551 1290 annulo
569 1246 715 1305 praesento,
733 1235 864 1304 pedicello
882 1235 952 1289 eicco
971 1251 1074 1305 sempor
1093 1235 1169 1290 valde
1187 1235 1304 1291 flexuoso
1322 1239 1447 1292 diversa.

725 1411 800 1476 Gen.
824 1409 854 1475 3.
900 1411 1175 1478 nasnnronon.

819 1525 891 1578 lime.
911 1524 998 1592 Bryol.
1017 1527 1089 1579 actv.

439 1623 560 1687 Plantae
585 1623 723 1687 loliorum
747 1623 853 1702 forma,
877 1629 1007 1702 textura,
1030 1625 1231 1688 consistentia
1254 1630 1347 1706 atque
1365 1625 1541 1688 ordinatio

348 1730 458 1793 Pottiia
479 1727 646 1811 proximae,
670 1726 845 1809 peristomio
862 1727 1090 1803 ‚Tricioetomie
1112 1735 1203 1812 atque
1225 1727 1390 1794 Bardulis.

437 1833 538 1896 Cauiis
562 1850 653 1915 parce
676 1849 816 1894 ramosus
840 1849 895 1914 pro
918 1848 1002 1893 more
1019 1830 1162 1918 ¹humilis,
1185 1831 1251 1894 basi
1273 1830 1444 1897 radicibus

352 1938 529 2016 instructus,
553 1935 650 2000 mollis
674 1935 722 1997 vel
746 1936 940 1999 mediocriter
962 1935 1087 1999 solidus.
1120 1933 1199 2001 Folia
1223 1944 1326 2001 orato-
1354 1945 1390 2000 et
1417 1939 1549 2002 eborata

343 2043 487 2126 oblonga,
511 2041 635 2118 metica,
659 2038 805 2124 apiculata
829 2040 876 2102 vel
900 2039 1015 2104 sensim
1039 2042 1223 2119 acuminata,
1247 2049 1333 2105 costa
1360 2043 1453 2108 nuda
1478 2053 1537 2106 te*

344 2148 400 2210 snb
423 2147 508 2228 apice
533 2146 660 2208 evanida
684 2145 730 2208 vel
755 2143 924 2207 excedente
948 2146 1109 2224 instructa,
1133 2164 1242 2226 opaca,
1265 2165 1324 2210 una
1350 2149 1409 2211 vel
1435 2158 1530 2212 mnu

343 2251 453 2338 pagina
477 2251 636 2337 papillosa,
659 2249 773 2332 apicem
798 2266 906 2312 versus
930 2248 1017 2312 valde
1041 2247 1300 2334 elrlorophyllosa,
1328 2249 1407 2316 basi
1435 2253 1531 2336 hyalin

343 2355 448 2419 llores
472 2354 621 2434 rnenoici,
646 2349 772 2418 masculi
794 2353 969 2439 terminales
992 2362 1024 2416 et
1046 2353 1204 2434 axillares,
1229 2353 1472 2440 paraphysilms
1496 2377 1538 2418 m

342 2460 475 2524 clavatis.
528 2457 746 2523 Perichaetium
775 2477 792 2522 a
822 2457 915 2520 caulis
946 2457 1024 2521 loliis
1054 2458 1219 2522 carnalibus
1250 2457 1329 2523 haud
1367 2462 1545 2526 distinctum

343 2564 481 2647 Galyptra
503 2563 661 2644 eucxdlata,
686 2562 859 2646 majuscula.
898 2563 1024 2645 Capsula
1048 2563 1079 2626 in
1102 2561 1252 2647 pedicello
1276 2565 1439 2650 elongato
1465 2577 1546 2630 tec

342 2675 456 2749 erecta,
480 2685 598 2731 cernua
614 2668 662 2730 vel
686 2667 832 2745 demissa,
856 2675 956 2747 ovata,
981 2667 1111 2750 oblonga
1135 2675 1165 2730 et
1189 2668 1466 2751 subcylindracea.
1504 2708 1536 2734 .·

343 2773 431 2836 nulus
465 2773 633 2836 distinctus.
685 2771 855 2836 Peristomii
883 2769 992 2835 dentes
1026 2770 1064 2835 16
1095 2772 1269 2836 membrana
1300 2773 1439 2842 basilari
1475 2795 1526 2858 sup

342 2877 485 2943 annulum
517 2876 704 2960 procedente
735 2868 864 2955 suffolti,
894 2864 992 2958 usque
1024 2875 1061 2938 ad
1093 2876 1179 2940 basin
1211 2876 1292 2941 bifidi
1316 2875 1364 2942 32
1401 2881 1550 2946 nlrlorms

341 2989 634 3066 tetragono-teretes
659 2981 852 3060 mentientes,
876 2980 1016 3043 cmribus
1033 2982 1156 3046 omnino
1181 2981 1287 3045 liberis
1312 2984 1367 3046 vel
1396 2987 1515 3052 waher
1550 3016 1551 3027 ι

341 3089 501 3169 connatis,
523 3087 640 3151 lamella
662 3088 809 3150 interiore
832 3086 987 3150 exteriore
1010 3087 1146 3150 crassior
1168 3085 1316 3169 pallidior,
1340 3093 1446 3156 valde
1472 3090 1549 3176 pape

349 3193 407 3273 osi,
432 3211 536 3277 parum
559 3191 785 3276 hygroscopici,
809 3192 945 3255 siccitate
968 3189 1147 3273 plerumque
1163 3192 1316 3255 sinistram
1340 3213 1467 3260 versus
1490 3195 1550 3260 oli·

344 3300 431 3380 quati
445 3297 502 3360 rel
525 3297 593 3361 laxe
616 3297 757 3360 contorti.
803 3297 918 3379 Sporae
942 3295 1137 3378 majusculae,
1158 3296 1394 3366 mberoelosae.

358 3405 361 3421 '
429 3418 578 3483 ilabitatio
602 3417 759 3482 terrestris
783 3424 813 3482 ct
835 3417 993 3500 rupestris.
1033 3417 1151 3482 Nomen
1176 3439 1192 3482 a
1216 3438 1328 3502 graeca
1356 3442 1444 3488 voce
1462 3409 1550 3492 decer

341 3524 490 3588 vinculum
515 3531 546 3588 et
570 3523 673 3604 o‘doo,
705 3522 873 3607 peristomii
902 3521 1011 3584 dentes
1040 3522 1106 3585 hesi
1130 3522 1250 3589 vinculo
1273 3543 1448 3594 connexos
1471 3531 1550 3612 sige

341 3627 443 3694 ficana.

342 3749 523 3829 Dicraoum,
551 3751 802 3830 Triciostomnm,
825 3751 1034 3832 Didymodoa,
1059 3753 1212 3834 Cymodoa
1228 3751 1312 3815 low.
1330 3752 1474 3822 Samo.
1489 3777 1513 3820 e.
1527 3775 1545 3814 ι.

680 3943 758 4005 Sect.
783 3940 807 4002 1.
855 3940 1033 4024 Capraria
1063 3951 1205 4007 erecto.

717 4081 740 4147 1.
785 4081 987 4149 llcsnatodon
1010 4081 1169 4149 tantoties.

669 4289 672 4297 .
693 4221 829 4276 Dicraomn
849 4221 985 4276 latiiolium
1003 4222 1091 4278 linw-
1110 4221 1187 4292 Stirp.

426 4342 527 4408 cmm
550 4342 669 4408 inmitis
692 4344 741 4409 vel
762 4344 1003 4427 semipallicarin
1027 4363 1098 4412 raro
1120 4343 1283 4428 polliceris.
1326 4347 1414 4414 Folia
1438 4357 1540 4414 erecto

339 4449 471 4530 patentia
495 4454 526 4510 et
549 4447 658 4530 patula,
688 4449 768 4512 sicca
792 4449 923 4524 indum,
938 4457 978 4514 et.
994 4449 1176 4527 subtonilia,
1196 4449 1439 4536 orati-oblonga
1462 4463 1490 4514 et
1508 4467 1538 4510 m
