3080 5370
869 307 1061 366 Griarmirccaa.

775 498 820 567 tl.
856 499 997 568 (trinnis
1020 501 1165 570 rrtmnr.

788 639 910 695 Gamroua
929 641 998 695 Soet
1018 613 1100 711 crypt
1119 641 1157 696 Π.

458 763 616 845 Gaespites
645 764 783 845 extensi,
813 765 911 846 plani,
941 783 981 828 ex
1003 773 1252 847 atro-purpureo
1281 763 1414 828 obscure
1441 763 1531 824 anta

370 870 490 934 Plantae
507 869 735 947 decumbentes,
757 869 901 952 graciles,
923 871 991 933 basi
1006 869 1187 949 denudatae,
1212 868 1534 951 fastigiata-ramessen

370 973 702 1037 lililormi-ramulosae.
748 973 828 1037 Folia
851 976 982 1056 patentia
1005 982 1036 1038 et
1067 975 1338 1057 erecto-patentia,
1371 991 1411 1036 ex
1430 980 1535 1035 amun

371 1077 502 1162 oblonga
518 1079 582 1140 basi
598 1085 727 1162 anguste
750 1079 1045 1161 lineali-lanceolata,
1070 1081 1187 1158 mutioa,
1210 1077 1535 1143 canaliculatoconeara

371 1185 488 1265 apicem
504 1200 615 1246 versus
638 1183 835 1263 submorosa,
860 1192 944 1248 costa
967 1185 1277 1248 sulcato-semitereti.
1309 1183 1450 1265 Calyptra
1468 1179 1538 1266 lurp,

372 1294 471 1351 rostra
497 1288 710 1350 mitraeiormis
732 1288 781 1351 vel
804 1288 960 1352 cucullata.
1006 1289 1134 1369 Capsula
1157 1289 1215 1351 alte
1239 1295 1379 1368 exsero,
1403 1281 1538 1372 eraeuarlp

370 1392 562 1472 subcernua,
593 1391 724 1476 oblonga
756 1400 788 1455 et
816 1401 919 1474 ovata,
951 1393 1080 1456 lulvella.
1126 1391 1310 1476 operculum
1341 1392 1538 1476 longirostrna

368 1496 507 1558 Annulus
530 1497 712 1578 latissimus,
746 1514 763 1558 e
796 1497 905 1578 triplici
936 1497 1019 1560 serie
1041 1497 1216 1561 cellularum
1240 1499 1444 1580 compositus.
1483 1496 1531 1556 lm

368 1599 470 1663 stomii
493 1600 601 1664 dentes
626 1599 818 1684 longiusculi,
841 1602 879 1665 ad
903 1600 1033 1665 medium
1055 1619 1154 1683 usque
1176 1601 1241 1664 fissi
1264 1607 1297 1663 et
1319 1601 1431 1680 laceri,
1453 1601 1532 1662 dene

371 1707 447 1770 sime
470 1705 629 1786 articulati,
652 1707 790 1786 aurantii,
814 1705 952 1770 siccitate
975 1707 1080 1770 erecti.
1126 1705 1225 1788 Bryol.
1241 1723 1308 1770 cur.
1333 1705 1387 1788 111,
1412 1707 1477 1770 'lala
1491 1700 1532 1766 lut

371 1829 424 1892 Gr.
446 1829 607 1906 unicolor3
638 1827 724 1890 caule
754 1828 914 1910 elongat03
944 1827 1024 1890 loliis
1055 1835 1183 1911 anguste
1212 1827 1416 1908 lanceolatis,
1445 1826 1532 1890 obtu³

496 1931 636 2013 integris,
653 1932 810 2011 concavis3
827 1933 913 1994 theca
929 1931 1016 2010 laevi,
1032 1940 1132 2012 ovata,
1148 1930 1267 2014 pallida,
1285 1933 1441 2014 operculo
1455 1932 1532 1994 coris

496 2041 644 2113 rostrato;
668 2041 734 2098 seta
757 2036 959 2116 breviuscula,
984 2038 1130 2100 llexuosa.
1175 2037 1320 2100 German
1337 2039 1440 2102 Scott-
1456 2028 1533 2100 nd

580 2138 627 2201 ab.
648 2137 716 2205 12.

410 2137 612 2325 Remulirirm.
636 2137 717 2306 unii.
771 2243 822 2306 Ba.
846 2251 878 2308 et
900 2245 964 2310 Sco.
993 2245 1092 2326 Bryol
1123 2263 1189 2308 eur.
1235 2244 1269 2310 C.
1298 2245 1425 2310 boam
1448 2247 1533 2326 Syn!

496 2349 604 2412 llaara.
629 2346 804 2411 staron.
849 2349 941 2413 Wus.
966 2349 1065 2430 Bryol.
1087 2349 1159 2413 Brit.

453 2473 556 2537 llobit.
584 2472 614 2534 in
643 2469 767 2552 rupibus
799 2470 930 2534 humidis
958 2472 1096 2556 regionis
1127 2471 1243 2553 alpinae
1271 2487 1379 2536 zonae
1415 2475 1538 2540 intem

366 2577 559 2659 campestris,
583 2583 614 2638 et
630 2579 788 2638 montanae
804 2592 903 2636 zonae
927 2575 1190 2657 septentrionalisz
1213 2575 1244 2636 in
1261 2575 1406 2660 Angliae
1423 2577 1538 2652 monta!

367 2683 475 2761 Gloeo,
498 2681 550 2743 ubi
572 2681 797 2762 copiosissima,
819 2698 837 2741 a
860 2679 896 2740 cl.
920 2678 1082 2743 Daunono
1105 2682 1240 2759 detecta,
1265 2680 1460 2764 insopibus
1480 2694 1534 2763 pm

370 2785 578 2863 Christiania,
601 2785 780 2868 praeprimis
803 2782 842 2848 ad
865 2783 1176 2866 Egebjcrgettllarrr
1198 2790 1313 2868 elego
1339 2786 1451 2868 ipae),
1481 2800 1535 2871 prop

366 2889 515 2972 Upsaliam
538 2907 609 2952 raro
632 2889 814 2968 (Lrnoaaao),
837 2888 903 2970 ipse
927 2889 958 2950 in
981 2887 1106 2969 rupibus
1128 2888 1249 2969 saepius
1273 2889 1428 2955 irroratis
1446 2891 1482 2954 ud
1496 2882 1538 2975 ιῆ

366 2995 446 3058 inter
467 2995 590 3058 Andeca-
621 3001 652 3056 et
673 2995 810 3075 Splttqen
840 2991 1001 3071 Rhaetiae,
1031 2991 1062 3054 in
1091 2991 1207 3073 pariete
1237 2993 1387 3058 verticuli
1423 2999 1502 3078 rupis
1522 3010 1538 3070 t

364 3099 471 3183 padam
493 3098 849 3180 Uetera-Aorqletacber,
873 3103 905 3158 et
919 3097 949 3158 in
965 3113 1083 3158 summo
1098 3095 1262 3159 Sidellrom
1278 3115 1317 3161 ru.
1338 3099 1481 3163 Grinsel
1494 3094 1534 3180 ιη’

365 3207 402 3269 ad
425 3203 622 3268 Most-blanc
649 3219 742 3284 prope
766 3201 963 3264 Contomiaes
991 3199 1193 3282 pulcherrime
1220 3198 1332 3262 lectam
1360 3203 1432 3268 loa.
1460 3205 1534 3268 Ιιιιι

364 3309 549 3394 genevensis
573 3307 664 3386 misit,
687 3305 822 3368 sterilem
845 3323 886 3368 err
907 3303 1058 3386 llercgnia
1082 3321 1148 3386 sup.
1171 3303 1257 3366 anic.
1283 3303 1406 3374 llam

452 3414 555 3476 linet.
578 3417 689 3474 mutar.
713 3417 882 3475 auctumoo.

433 3533 523 3600 Quoad
540 3533 747 3601 magnitudinem,
768 3529 881 3583 habitum
900 3540 926 3583 at
948 3529 1086 3598 vegetandi
1107 3531 1206 3582 modum
1225 3529 1436 3588 similitudine·

364 3638 421 3674 cun
435 3621 543 3673 lissam.
556 3620 675 3674 wirrici
694 3619 773 3672 iorma
789 3617 876 3685 alpina
904 3616 1021 3686 praebet,
1040 3618 1086 3669 aed
1099 3616 1207 3685 pilorum
1219 3617 1355 3688 amatia,
1376 3625 1471 3678 colors

364 3707 481 3776 rubente,
500 3706 605 3775 capsula
623 3707 730 3774 majore,
748 3705 863 3774 calyptra
888 3704 1022 3775 obliquata
1040 3705 1121 3774 primo
1139 3705 1195 3758 risu
1214 3703 1292 3756 iacile
1312 3713 1528 3780 recognosces&

784 3880 832 3948 tt.
864 3879 1004 3948 bnnla
1025 3879 1137 3946 obsta

744 4021 870 4074 urnam.
891 4019 1022 4090 negano.
1040 4020 1092 4073 aa.
1111 4019 1176 4072 zara

450 4141 600 4226 liobusta,
624 4143 722 4207 dense
744 4143 1114 4227 palmato-caespitum,
1144 4141 1297 4224 caespites
1320 4145 1518 4232 ω’ςήαῃιοι

363 4245 514 4331 profunde
529 4249 585 4312 atri
608 4267 742 4332 superne
764 4247 1001 4313 lurido-virides.
1033 4246 1133 4310 Planta
1154 4253 1267 4325 erecta,
1292 4253 1362 4314 tota
1381 4251 1523 4316 amicam

364 4351 480 4417 foliosa.
525 4353 606 4418 Folia
628 4355 893 4437 erecte-patentia,
916 4353 998 4418 sicca
1021 4357 1142 4416 curuata
1165 4357 1196 4414 et
1218 4351 1456 4434 subcentoris,
1485 4359 1492 4418 t

362 4457 659 4540 lineali-lanceolata,
684 4458 980 4538 casinate-concava,
1005 4457 1124 4535 mutina,
1140 4455 1276 4540 margine
1293 4455 1346 4522 bic
1366 4461 1436 4528 illie
1451 4463 1515 4526 rulr
