3140 5372
488 395 661 452 barbanum.
1107 385 1170 455 U

101 570 286 652 simplicibus
309 569 545 652 compositisque
572 570 720 636 teretibus
755 568 874 634 obtusis
908 567 1056 646 incurris,
1091 565 1169 631 bitis

100 675 194 736 dense
218 675 382 738 imbricatis
406 675 502 738 oratis
526 677 667 738 concavis
684 676 780 738 acutis
796 672 1039 750 avaoidinarviis,
1064 671 1170 736 umas

99 780 259 860 elongatae
282 797 414 844 cernuae
446 780 590 860 operculo
621 780 728 842 conica
759 778 928 842 rostellato.
972 776 1054 840 Brun.
1078 775 1167 840 blant.

98 883 197 964 ejusd.
242 882 342 966 liryol.
365 885 444 948 univ.
469 882 503 962 ll,
527 903 554 965 p.
577 881 650 946 450.

27 985 61 1048 lls
79 987 204 1050 Nornnrs
229 988 299 1069 Syll.
345 988 481 1051 niumm
505 987 616 1052 Skand.
640 987 680 1050 ll.

27 1093 192 1156 mdolalreu
216 1093 393 1156 cotmrulnta
415 1091 465 1156 Ba.
489 1099 520 1156 et
543 1092 606 1156 Son.
627 1090 727 1172 Biyol.
743 1109 809 1154 eur.

62 1213 157 1274 liubit.
183 1211 221 1274 ad
244 1232 316 1275 saxa
339 1213 480 1276 umbrosa
503 1212 664 1294 praecipuo
689 1209 835 1288 calcanea,
860 1213 956 1274 rarius
973 1209 1009 1272 ad
1027 1211 1169 1274 arborum

26 1315 104 1394 lices,
138 1319 279 1400 regionis
303 1325 461 1381 montanae
485 1323 515 1380 el
538 1317 713 1397 subalpinae
747 1335 802 1397 per
834 1315 954 1396 Alpium
982 1317 1105 1398 jugum,
1139 1315 1169 1376 in

26 1425 69 1484 otia
91 1431 180 1504 atque
207 1423 314 1486 Suesia
336 1424 466 1504 passim,
500 1399 611 1502 ultique
635 1422 792 1483 rarissima
816 1419 940 1482 sectilis:
970 1420 1170 1503 pulcherrime

26 1526 148 1590 iclileram
185 1528 248 1610 legi
281 1544 375 1610 prope
404 1528 453 1589 Au
488 1529 528 1588 im
556 1525 731 1606 Bcepcnuer
768 1525 871 1602 Wald,
911 1526 988 1586 inter
1021 1525 1109 1588 umis
1139 1530 1169 1584 et

26 1632 172 1710 uocasset
194 1650 254 1694 nec
277 1649 337 1692 non
359 1649 453 1714 prope
469 1632 604 1694 Aloeneu
629 1638 659 1692 et
681 1631 711 1692 in
727 1629 810 1692 Valle
834 1627 1167 1716 Pccttlipnullbaeiiae,

26 1735 176 1798 >inruetis
202 1734 240 1797 ad
264 1737 326 1798 uias
350 1735 483 1816 publicas
512 1742 543 1798 et
566 1738 595 1798 in
619 1735 711 1798 muris
735 1734 887 1797 umbrosis
911 1734 1011 1796 siccis.
1110 1731 1116 1758 ¹

58 1839 153 1902 Frucl.
177 1847 293 1902 motor.
317 1844 442 1904 aestate.

45 1959 129 2012 Colore
148 1961 296 2028 caespitum
315 1970 342 2012 ct
359 1961 496 2026 vegetandi
514 1962 589 2012 miodo
607 1961 668 2014 satis
693 1977 751 2015 cum
769 1960 873 2012 Lmen
895 1957 1084 2010 cruainsrciu
1095 2035 1097 2040 ,
1108 1971 1168 2012 con·

26 2049 52 2096 it.
77 2049 243 2115 distinguitur
268 2056 352 2098 sistens
376 2047 457 2114 prinro
482 2049 538 2100 uisu
561 2045 677 2100 caulibus
705 2046 865 2116 longioribus
892 2046 972 2114 mugio
998 2045 1168 2113 liliiormibus,

26 2133 42 2183 is
57 2133 216 2185 breuioribus
236 2145 307 2185 arcte
327 2131 473 2189 imbricatis.
494 2133 600 2200 capsula
620 2151 715 2186 cernua
735 2144 760 2185 et
779 2133 927 2186 boriuontuli
948 2134 1061 2186 incursu.

446 2329 572 2394 llam.
596 2330 687 2394 ΙΙΙ.

437 2469 702 2540 unulultlnll.

54 2625 142 2688 llnsci
167 2643 225 2707 pro
249 2629 335 2704 porta
358 2621 575 2703 speciosissimi
598 2623 685 2685 caula
715 2609 813 2685 diviso
841 2629 991 2704 prostrato
1019 2623 1068 2688 val
1097 2625 1167 2690 sub-

27 2729 87 2808 plici
110 2737 232 2808 erecto,
257 2725 380 2789 ramulis
403 2726 586 2807 simplicibus
610 2727 658 2790 rel
681 2727 810 2808 pinnmis
833 2735 863 2788 et
886 2728 1046 2810 bipinnalis
1068 2749 1166 2794 ramu-

27 2849 43 2894 t.
82 2833 162 2897 Folia
188 2831 310 2896 caulina
333 2835 364 2893 et
385 2830 531 2892 ramulina
554 2829 805 2913 heteromorpba,
836 2829 885 2894 illa
910 2835 1034 2916 majora,
1058 2834 1167 2898 decur-

27 2937 74 3014 iis,
107 2933 508 3016 obeundum-triangularis
540 2932 660 3016 longius
693 2935 854 2998 brevinsve
888 2938 1071 3018 acuminata,
1110 2939 1168 3000 reti

27 3039 80 3104 ilari
100 3043 148 3105 vel
175 3039 301 3104 mediae
325 3038 451 3119 paginae
482 3044 613 3120 angusto
642 3038 784 3121 elongato
811 3045 965 3102 caeterum
992 3039 1177 3104 rotundato·

28 3165 136 3228 mono,
171 3141 327 3208 ramulina
350 3142 620 3205 ovato-acuminata
644 3142 692 3204 vel
715 3144 998 3208 ovato-lunoeoluta
1022 3145 1079 3207 reli
1101 3127 1166 3206 uni-

28 3251 58 3328 ri,
81 3251 181 3314 omnia
207 3247 300 3310 valde
325 3246 478 3328 papillasn,
501 3245 580 3308 laete
603 3246 651 3308 vcl
675 3246 877 3310 luteo-uiridia
902 3257 1000 3312 aetate
1020 3249 1166 3312 ocbracea

28 3355 254 3418 rrulcscentiu.
302 3349 518 3414 Perichaelium
549 3352 579 3413 in
611 3351 727 3414 ramulo
758 3351 843 3414 brevi
873 3352 1026 3416 radicante
1058 3356 1166 3435 majus-

29 3473 76 3538 rn,
106 3455 329 3541 polyplryllum.
374 3455 520 3538 Vapinula
542 3454 650 3540 longo,
684 3455 857 3537 cylindrioa.
904 3454 1031 3538 Capsula
1054 3473 1168 3520 cernua

29 3561 145 3643 incurva,
171 3560 288 3640 oralia
313 3558 442 3642 oblonga
467 3560 512 3620 vel
537 3557 727 3640 cylindraoea
749 3568 780 3623 et
802 3568 940 3640 arcuata,
965 3561 1166 3626 solidiuscula.

29 3667 167 3730 istomium
194 3683 362 3748 magnum3
393 3661 502 3726 dentes
524 3663 624 3746 longi,
654 3663 718 3726 basi
741 3665 946 3745 confluentes,
979 3666 1074 3730 dense
1097 3669 1167 3730 acti·

29 3773 62 3847 lli,
85 3774 163 3834 intus
188 3767 404 3833 sublamellosi
428 3774 516 3830 extus
532 3768 664 3830 tenuiter
679 3768 865 3850 trabeculati,
889 3770 962 3833 lutei
978 3779 1009 3833 et
1024 3773 1167 3851 aurantii;

33 3875 69 3934 mi
91 3876 271 3938 membrana
296 3872 355 3934 lata
378 3871 544 3950 lutesoens,
561 3889 724 3953 processus
739 3873 860 3956 longos,
876 3873 1004 3956 alliaque
1020 3875 1168 3940 liliiormia

30 3979 135 4062 nilongn
157 3981 266 4043 binata
290 3983 462 4039 alternata
487 3975 598 4038 lenens.

313 4167 390 4232 Gen.
418 4167 444 4229 l.
489 4165 823 4232 ununuocbnntuu.

485 4307 571 4376 arpos.
592 4325 647 4362 eur.

53 4434 142 4502 Cauiis
164 4432 325 4521 rigidulus
352 4449 481 4514 repens,
513 4433 600 4498 ualde
626 4433 760 4512 divisus,
793 4433 1166 4516 subpinnatnramnlosos.

30 4537 185 4606 ‘ceaulino
218 4537 587 4604 absordum-lanceolata
615 4538 752 4602 obsoleto
786 4546 817 4600 et
847 4538 980 4600 breuiter
1009 4539 1165 4619 hiensium,
