3106 5370
435 377 635 446 spasmo.

416 591 543 654 Fam.
582 589 649 654 11.

372 745 695 820 srutcttnuntu.

48 919 161 1000 dalpptra
185 919 314 996 minuta,
347 915 614 980 donico-cucullata
637 915 797 978 suberecta
822 915 871 978 vel
894 919 999 984 conica
1023 929 1133 988 erecta.

26 1024 76 1084 aula
95 1022 230 1106 apophysi
252 1024 374 1104 proprie
399 1023 443 1084 sic
467 1021 544 1084 dicta
568 1021 714 1084 instructa
738 1019 890 1085 discolore
915 1027 1078 1092 crassiore.

301 1213 376 1278 Gen.
403 1211 429 1278 1.
474 1209 765 1276 munitionum.

334 1349 409 1403 llam.
429 1361 456 1404 et
473 1351 559 1403 Soura.
578 1349 666 1417 Bryol.
685 1367 739 1404 eur.

44 1473 120 1536 liusci
142 1475 238 1536 dense
262 1475 310 1537 ael
333 1482 486 1556 compacte
503 1473 840 1556 caespitem-pulvinati,
864 1474 1021 1562 longaevi3
1045 1495 1131 1541 caes-

26 1585 180 1642 stomento
210 1579 383 1642 radiculoso
416 1579 579 1641 intertexti.
625 1577 705 1640 Folia
735 1577 1071 1664 elongato-lanceolata
1101 1591 1133 1645 et

26 1683 168 1766 llo-oblonga
192 1685 223 1744 in
248 1685 362 1767 apicem
381 1683 548 1746 subulatum
566 1683 719 1761 exeuntia,
743 1687 801 1746 reti
818 1685 962 1749 densiore
979 1685 1132 1751 solidiore.

25 1793 81 1866 pptra
109 1789 399 1853 conice-cucullata.
444 1787 569 1868 Capsula
602 1788 632 1848 in
669 1787 816 1868 pedicello
854 1790 995 1853 breviore
1035 1789 1133 1854 solido

25 1889 85 1970 plysi
99 1895 250 1956 crassiore
267 1893 344 1956 baud
357 1911 426 1956 raro
438 1891 576 1974 longiore
592 1891 688 1954 solida
700 1891 860 1955 obscurius
871 1895 964 1958 tincta
977 1896 1133 1957 instructa.

25 1995 107 2057 blumii
121 1996 228 2059 dentes
245 1998 402 2061 breviores
418 1997 615 2079 quaternatim
633 1997 793 2079 conjuncti,
811 1999 910 2080 solidi,
921 1999 1132 2081 atropurpurei

25 2097 146 2163 irellexl.

40 2221 166 2288 labimtio
189 2222 220 2286 in
239 2189 421 2305 corporibus
445 2220 622 2284 animalibus
647 2221 871 2305 decompositis.

25 2345 123 2408 claun
144 2347 260 2426 lisam,
284 2343 376 2425 Baua,
401 2345 577 2420 Soumateon,
600 2343 694 2408 naor.
719 2352 749 2406 ct
772 2346 855 2410 Taua.
879 2365 907 2410 c.
929 2366 956 2410 a.

299 2537 323 2604 l.
353 2534 552 2616 tetraptoton
575 2535 767 2615 angustatus.

351 2677 455 2746 Splach.
473 2687 572 2748 angust.
590 2675 660 2731 Lam.
679 2677 714 2730 m.

39 2795 182 2880 caespitoli
205 2797 309 2880 densi,
332 2799 440 2881 pallide
463 2799 587 2879 virides,
609 2807 745 2864 tomento
766 2798 941 2865 radiculoso
956 2801 1133 2886 ferrugineo

24 2904 98 2966 beati.
142 2903 245 2968 Cauiis
269 2904 402 2985 gracilis,
426 2904 539 2985 pluries
563 2905 688 2968 divisus.
733 2903 813 2966 Folia
837 2904 952 2984 mollia,
976 2907 1132 2992 elongato-

24 3007 118 3086 aolata‚
155 3010 186 3072 in
217 3009 359 3072 subulam
392 3008 597 3090 longissimam
629 3009 736 3072 flavam
773 3007 939 3072 flexuosam
977 3013 1131 3088 exeuntia,

24 3111 76 3190 piae
96 3122 221 3193 serrata,
247 3121 332 3177 costa
356 3131 452 3195 usque
476 3113 505 3176 in
528 3113 664 3176 subulam
687 3112 842 3195 producta.
881 3112 1008 3194 capsula
1031 3115 1131 3178 brevi-

24 3209 127 3300 bcllata‚
150 3220 182 3282 in
204 3217 353 3302 apophysi
376 3235 482 3300 magna
504 3216 660 3300 pyrilormi
684 3219 815 3296 minuta,
843 3217 954 3296 uvalis,
986 3219 1132 3301 operculo

24 3315 151 3386 imovero
172 3323 222 3388 vel
248 3324 359 3386 obtuse
384 3324 499 3386 conico.
544 3322 712 3388 Peristomii
741 3320 850 3384 dentes
879 3321 1054 3404 bigeminati
1077 3341 1132 3404 per

24 3428 245 3508 rapproximati.
291 3426 392 3508 Bryol.
416 3445 481 3490 eur.
505 3423 551 3506 lll,
576 3425 646 3489 tab.
664 3423 737 3487 288.

24 3547 120 3610 nisam
141 3557 342 3632 esposicion
364 3547 557 3626 caulescem,
588 3545 667 3610 loliis
690 3547 834 3628 piliieris,
867 3546 1038 3628 pedunculo
1060 3548 1130 3612 bre·

72 3655 195 3718 lissima.
242 3654 323 3718 Lanu.
347 3653 387 3716 lil.
409 3653 558 3735 Descript.
581 3651 671 3715 meib.
695 3652 789 3714 blusc.
812 3669 839 3732 p.
863 3648 914 3716 33.

24 3747 192 3822 lambese.
218 3756 320 3822 frond.
342 3757 377 3835 ll,
400 3757 470 3822 Tab.
493 3757 539 3821 12.
583 3755 667 3818 Wau.
691 3763 722 3818 et
744 3755 828 3818 Mona
851 3754 883 3816 Β.
907 3755 940 3818 t.
977 3754 1131 3818 Wamnrs.

73 3861 107 3924 Fl.
127 3864 200 3948 lapp.
248 3863 330 3928 Baro.
368 3863 467 3944 Bryol.
505 3864 583 3924 univ.
628 3861 714 3922 Bracn.
752 3867 784 3922 et
820 3860 901 3924 scm.
932 3857 1031 3940 Rryol.
1064 3876 1130 3922 eur.

74 3965 101 4026 C.
122 3969 235 4032 binnan
260 3970 333 4049 Syn.
379 3967 486 4030 ttaaaa
512 3965 619 4030 Skand.
643 3965 685 4028 Fl.
731 3965 854 4027 Wnson
877 3962 976 4044 Brpol.
1000 3963 1072 4028 Brit.

42 4083 125 4149 dabit.
146 4091 311 4172 praecipue
334 4090 365 4152 in
387 4089 557 4152 animalium
586 4088 813 4152 carnivororum
843 4085 1048 4148 excrementis
1075 4104 1132 4167 per

24 4183 99 4250 lanam
124 4193 307 4276 subalpinam
338 4201 454 4257 tractus
489 4193 580 4274 alpini
610 4209 707 4256 nonae
734 4190 933 4256 intermediae
963 4191 1130 4270 rarissime,

24 4287 96 4354 iosias
115 4297 141 4358 in
161 4302 293 4383 regione
317 4297 459 4380 sylvatica
484 4306 573 4380 atque
596 4297 626 4358 in
641 4295 768 4359 turlosis
786 4295 927 4371 Sueciae,
948 4293 1129 4377 Norvegiae‚

24 4398 120 4470 maiae.
152 4402 184 4466 ln
199 4403 343 4467 America
362 4401 590 4485 septentrionali
606 4407 637 4464 et
652 4401 763 4463 arctica
780 4397 967 4462 abundanter
982 4399 1129 4480 provenit.

46 4501 256 4574 tractaretur.
280 4515 405 4572 aestate.
