3122 5362
350 375 391 440 Ι.
867 379 1038 438 Μωυσέα

351 557 421 622 dolii
439 559 572 642 orgum.-
585 555 682 622 iaaatdr
713 551 840 620 mmo
865 556 1034 628 iaiemiitar
1055 570 1243 642 emergens,
1274 557 1416 642 aiiipttoa,
1445 522 1540 630 anatot

352 664 489 750 globosa,
513 669 602 727 anate
625 663 811 745 acuminata,
828 662 1052 742 sumosteiiaia,
1076 661 1186 743 mollis,
1208 664 1540 746 tonui-mernoranacaap

344 770 479 854 rutilans
503 775 534 831 et
556 767 652 830 badia.
699 767 812 849 Sporaa
835 766 975 831 luteolaa.
1020 765 1121 849 Brpoi.
1138 781 1202 830 eur.
1240 767 1304 834 Vol
1321 767 1343 850 i,
1368 767 1439 832 lab.
1455 767 1481 834 6.
1540 758 1541 830 l

350 892 502 954 Pitoacram
524 890 724 952 cervicalium
757 887 835 952 loliis
863 885 1128 971 perichaatlallbns
1158 891 1270 971 rectis,
1302 887 1414 954 tianae
1434 891 1541 974 pedon-3

370 1007 372 1017 ·
430 1034 433 1043 ·
473 993 548 1058 onio
569 1001 719 1073 narrato,
756 993 856 1056 linum.
888 991 981 1056 larse.
1011 993 1109 1057 irond.
1134 995 1246 1077 ‚taiirp
1274 995 1397 1078 mpt)
1429 989 1541 1106 Tala*

479 1099 558 1162 Nuus
582 1105 612 1161 et
635 1097 778 1161 lionnsca.
807 1097 905 1179 Bryoi.
934 1099 1030 1188 germ.
1076 1097 1156 1160 an.
1184 1097 1283 1180 liryoi.
1314 1102 1398 1161 univ.
1443 1101 1542 1178 limat,

481 1203 591 1268 Skand.
620 1201 662 1265 ii.
707 1201 751 1264 ils
778 1193 886 1266 Norm'.
920 1201 990 1284 spi.
1040 1201 1127 1265 Buca.
1160 1210 1191 1265 et
1221 1203 1318 1268 Soura.
1353 1203 1454 1287 Brpol
1483 1185 1542 1268 eun

478 1308 565 1372 litun
590 1307 716 1388 Synops.
762 1307 885 1370 Wnson
907 1304 1007 1388 Bryol.
1031 1305 1102 1372 Brit.

360 1423 366 1438 '
439 1427 543 1492 flabit.
566 1429 597 1490 in
621 1429 840 1511 campestribus
864 1428 1025 1512 glareosis,
1048 1431 1080 1492 in
1095 1428 1199 1514 glarea
1214 1429 1407 1494 subarenosa
1429 1431 1464 1494 ad
1487 1433 1542 1496 ria·

351 1549 417 1595 rum
440 1515 608 1616 margines,
640 1531 676 1596 ad
700 1551 831 1618 aggeres
860 1533 1068 1618 graminosus,
1101 1532 1196 1596 iraud'
1215 1551 1286 1597 raro
1318 1535 1416 1598 sociis
1449 1530 1543 1602 roam

352 1638 502 1702 minutula
525 1645 556 1700 et
579 1639 739 1720 cooisola'aa
762 1637 904 1700 Barbatio
926 1637 1072 1718 ombipaa
1098 1645 1138 1729 et
1150 1639 1276 1721 fallace,
1300 1637 1391 1721 Brpo
1408 1651 1543 1722 argenteo

352 1750 383 1806 et
405 1751 653 1826 atro-purpureo
675 1761 731 1826 per
754 1750 845 1808 totam
869 1742 934 1805 iera
957 1741 1107 1824 Europam
1134 1761 1232 1826 usque
1260 1741 1299 1806 ad
1321 1743 1466 1826 Upsaliae
1487 1745 1538 1808 lati

349 1847 492 1914 tudinem.

434 1951 537 2018 Fruct.
561 1959 673 2016 motor.
718 1951 808 2016 Vere.

419 2073 470 2127 Pi.
488 2075 598 2141 lrpoa'da
618 2071 698 2126 multo
716 2073 813 2141 minua,
833 2067 1021 2141 elegantuiom,
1041 2070 1168 2126 uberrima
1187 2071 1344 2125 imctiiicana
1362 2085 1391 2127 et
1409 2075 1480 2129 hand
1492 2091 1532 2126 raa

350 2174 382 2214 aa
399 2163 491 2214 οοάοιη
507 2159 572 2213 dore
589 2159 714 2229 capsulas
732 2159 821 2228 pluras
837 2161 987 2229 proferena,
1016 2177 1067 2230 qno
1084 2161 1111 2214 lit
1128 2170 1156 2213 ut
1174 2161 1299 2230 capsulae
1315 2161 1459 2218 rutilantes
1477 2166 1536 2216 dm

348 2259 506 2320 aggregatae
524 2247 681 2316 caespianloa
698 2247 832 2301 rudhmes
850 2247 966 2302 reddant.

764 2457 794 2526 d.
836 2456 983 2530 uuam
1005 2461 1129 2528 reatu.

826 2597 903 2652 Sarra
920 2597 989 2652 Flor.
1007 2595 1070 2653 Brit.

437 2721 638 2784 Praecedenti
661 2721 877 2806 magnitudine,
904 2721 1005 2786 habitu
1027 2729 1116 2806 atque
1138 2673 1420 2806 vegetandi'modo
1444 2721 1543 2788 similli-

356 2846 446 2892 mum.
491 2825 571 2893 Folia
594 2826 693 2908 patula
715 2844 772 2889 nee
795 2826 1074 2909 erecto-patentia,
1097 2826 1253 2906 breviora,
1281 2823 1409 2910 latiora,
1435 2829 1543 2892 brema

351 2931 522 3015 cuspidata,
557 2931 693 3012 margine
728 2931 882 3013 revoluta,
917 2930 1008 2995 dorso
1040 2929 1209 2994 distinctius
1238 2929 1396 3013 papiliosa.
1452 2931 1544 2996 liores

349 3035 569 3121 praecedentis.
607 3035 745 3118 Calyptra
767 3053 786 3099 e
808 3036 890 3100 iuteo
908 3037 1089 3100 lascescens
1104 3035 1229 3100 rastello
1258 3035 1344 3118 apice
1364 3037 1543 3122 nigricante,

351 3141 534 3206 muricaiuia.
581 3137 709 3222 Capsuia
733 3139 763 3203 in
785 3139 932 3224 pediceiio
957 3147 1064 3204 erecto
1085 3147 1226 3223 exserta,
1250 3137 1490 3224 ovato-globosa
1510 3139 1542 3202 ei·

348 3245 458 3330 liptioa,
482 3245 617 3310 breviter
638 3244 822 3326 acuminata,
846 3246 1009 3328 apiculaia,
1036 3243 1191 3326 subfusca,
1214 3243 1349 3326 nitidula,
1375 3243 1465 3310 sicca
1488 3263 1541 3308 cor·

349 3358 466 3436 rugata.
498 3351 611 3434 Sporae
626 3350 819 3434 granuiosae,
834 3351 942 3433 pallide
958 3350 1067 3414 luteae.
1095 3348 1195 3432 Brpol.
1213 3368 1277 3415 eur.
1301 3349 1367 3413 Vol
1386 3349 1413 3433 l,
1439 3351 1542 3416 iano

351 3475 504 3538 Pisaeam
536 3481 651 3538 nodam
678 3472 799 3553 aemio,
834 3471 918 3536 loliis
938 3473 1035 3538 avalia
1058 3465 1177 3558 mulleis
1206 3473 1403 3555 paneadam,
1435 3471 1543 3558 capsula

481 3577 610 3658 eiiiptica
632 3577 773 3658 utrinque
796 3576 1024 3660 subatteauata,
1052 3577 1201 3660 pediceiio
1223 3585 1317 3642 racto.
1361 3577 1461 3642 Sarra
1481 3577 1543 3641 lior.

477 3680 549 3747 Brit.
571 3681 619 3762 iil,
641 3701 669 3764 p.
697 3678 788 3748 1153.

438 3784 518 3850 limo.
541 3783 640 3867 Bryol
664 3785 745 3849 univ.
789 3783 840 3852 Bn.
864 3794 895 3850 et
917 3785 981 3852 Sca.
1003 3783 1103 3868 Bryol.
1127 3803 1232 3873 europ.
1275 3783 1462 3852 [lailoun
1486 3785 1544 3868 spii

478 3889 593 3954 norma
616 3883 714 3972 Syn'

437 4011 540 4076 natta.
568 4014 600 4075 in
627 4021 708 4076 terra
739 4013 881 4097 argillosa
910 4031 966 4095 per
993 4013 1172 4096 campensis
1199 4011 1382 4095 praeprimis
1418 4011 1543 4098 regionis

350 4115 513 4182 maritimae
537 4116 678 4200 Angliae,
701 4115 813 4181 Galliae
832 4116 1026 4182 occidentalis
1048 4126 1080 4180 et
1100 4116 1315 4196 meridionalia,
1338 4115 1460 4201 italiae,
1484 4121 1541 4182 Sar

349 4220 459 4303 liniae,
484 4221 579 4285 semei
601 4223 632 4285 in
647 4219 723 4284 coila
740 4220 833 4306 calido
849 4219 983 4286 Aiaatiaa
1004 4222 1116 4285 lectum
1139 4227 1202 4302 est3
1225 4230 1349 4304 semper
1372 4223 1445 4288 iare
1462 4225 1540 4287 Aac·

350 4331 494 4411 catpptaa
515 4327 708 4390 Starireoaae
729 4327 909 4390 associatum
932 4329 1091 4409 reperitur.

435 4433 538 4495 Franci.
571 4439 681 4494 matur.
713 4431 808 4513 primo
841 4449 934 4512 uera3
976 4447 1015 4494 m.
1048 4429 1212 4496 Febrtnrio
1248 4445 1344 4514 pinpo
1383 4432 1540 4498 tom

349 4537 438 4622 Angl.
462 4535 592 4620 capsulis
613 4537 748 4618 perlecta
771 4535 893 4598 maturis
916 4537 1025 4619 reperi.
1149 4586 1154 4596 .
