<?xml version="1.0" encoding="UTF-8"?>
<!DOCTYPE html PUBLIC "-//W3C//DTD XHTML 1.0 Transitional//EN"
    "http://www.w3.org/TR/xhtml1/DTD/xhtml1-transitional.dtd">
<html xmlns="http://www.w3.org/1999/xhtml" xml:lang="en" lang="en">
 <head>
  <title>
</title>
<meta http-equiv="Content-Type" content="text/html;charset=utf-8" />
  <meta name='ocr-system' content='tesseract 3.04.00' />
  <meta name='ocr-capabilities' content='ocr_page ocr_carea ocr_par ocr_line ocrx_word'/>
</head>
<body>
  <div class='ocr_page' id='page_1' title='image "./synopsismuscoru01schigoog_0782.png"; bbox 0 0 3144 5366; ppageno 0'>
   <div class='ocr_carea' id='block_1_1' title="bbox 493 316 1167 392">
    <p class='ocr_par' dir='ltr' id='par_1_1' title="bbox 493 316 1167 392">
     <span class='ocr_line' id='line_1_1' title="bbox 493 316 1167 392; baseline 0.006 -16"><span class='ocrx_word' id='word_1_1' title='bbox 493 323 656 392; x_wconf 73' lang='lat' dir='ltr'><strong>lippuscese.</strong></span> <span class='ocrx_word' id='word_1_2' title='bbox 1105 316 1167 380; x_wconf 74' lang='grc' dir='ltr'><strong>6θῖ</strong></span> 
     </span>
    </p>
   </div>
   <div class='ocr_carea' id='block_1_2' title="bbox 13 493 1168 898">
    <p class='ocr_par' dir='ltr' id='par_1_2' title="bbox 13 493 1168 898">
     <span class='ocr_line' id='line_1_2' title="bbox 13 493 1166 580; baseline 0.004 -22"><span class='ocrx_word' id='word_1_3' title='bbox 13 497 60 560; x_wconf 85' lang='lat' dir='ltr'><strong>tar.</strong></span> <span class='ocrx_word' id='word_1_4' title='bbox 74 521 93 562; x_wconf 78' lang='lat' dir='ltr'><strong>e.</strong></span> <span class='ocrx_word' id='word_1_5' title='bbox 108 493 271 578; x_wconf 75' lang='lat' dir='ltr'><strong>inmotam,</strong></span> <span class='ocrx_word' id='word_1_6' title='bbox 295 497 381 560; x_wconf 87' lang='lat' dir='ltr'><strong>caute</strong></span> <span class='ocrx_word' id='word_1_7' title='bbox 397 503 513 577; x_wconf 82' lang='lat' dir='ltr'><strong>erecto,</strong></span> <span class='ocrx_word' id='word_1_8' title='bbox 530 497 657 562; x_wconf 86' lang='lat' dir='ltr'><strong>elatiore</strong></span> <span class='ocrx_word' id='word_1_9' title='bbox 672 495 855 578; x_wconf 82' lang='lat' dir='ltr'><strong>robustiore,</strong></span> <span class='ocrx_word' id='word_1_10' title='bbox 871 496 1039 564; x_wconf 82' lang='lat' dir='ltr'><strong>diabotorso</strong></span> <span class='ocrx_word' id='word_1_11' title='bbox 1058 499 1166 580; x_wconf 83' lang='lat' dir='ltr'><strong>diviso,</strong></span> 
     </span>
     <span class='ocr_line' id='line_1_3' title="bbox 111 600 1168 685; baseline 0 -19"><span class='ocrx_word' id='word_1_12' title='bbox 111 601 266 666; x_wconf 81' lang='lat' dir='ltr'><strong>confertim</strong></span> <span class='ocrx_word' id='word_1_13' title='bbox 301 603 442 684; x_wconf 85' lang='lat' dir='ltr'><strong>pinnato,</strong></span> <span class='ocrx_word' id='word_1_14' title='bbox 476 601 557 666; x_wconf 81' lang='lat' dir='ltr'><strong>foliis</strong></span> <span class='ocrx_word' id='word_1_15' title='bbox 588 600 778 685; x_wconf 76' lang='lat' dir='ltr'><strong>longioribus</strong></span> <span class='ocrx_word' id='word_1_16' title='bbox 816 619 855 666; x_wconf 82' lang='lat' dir='ltr'><strong>ex</strong></span> <span class='ocrx_word' id='word_1_17' title='bbox 891 601 1066 668; x_wconf 84' lang='lat' dir='ltr'><strong>imbnieante</strong></span> <span class='ocrx_word' id='word_1_18' title='bbox 1103 605 1168 668; x_wconf 89' lang='lat' dir='ltr'><strong>basi</strong></span> 
     </span>
     <span class='ocr_line' id='line_1_4' title="bbox 111 705 1167 791; baseline 0.001 -22"><span class='ocrx_word' id='word_1_19' title='bbox 111 705 387 786; x_wconf 75' lang='lat' dir='ltr'><strong>falcato-secundis,</strong></span> <span class='ocrx_word' id='word_1_20' title='bbox 413 725 431 768; x_wconf 91' lang='lat' dir='ltr'><strong>e</strong></span> <span class='ocrx_word' id='word_1_21' title='bbox 453 705 513 770; x_wconf 89' lang='lat' dir='ltr'><strong>late</strong></span> <span class='ocrx_word' id='word_1_22' title='bbox 535 707 668 791; x_wconf 78' lang='lat' dir='ltr'><strong>oblongo</strong></span> <span class='ocrx_word' id='word_1_23' title='bbox 691 705 882 787; x_wconf 75' lang='lat' dir='ltr'><strong>lanceolata,</strong></span> <span class='ocrx_word' id='word_1_24' title='bbox 906 713 1036 790; x_wconf 77' lang='lat' dir='ltr'><strong>abgrmte</strong></span> <span class='ocrx_word' id='word_1_25' title='bbox 1057 709 1167 774; x_wconf 87' lang='lat' dir='ltr'><strong>scomi-</strong></span> 
     </span>
     <span class='ocr_line' id='line_1_5' title="bbox 109 809 1168 898; baseline 0.003 -25"><span class='ocrx_word' id='word_1_26' title='bbox 109 811 206 892; x_wconf 88' lang='lat' dir='ltr'><strong>natis,</strong></span> <span class='ocrx_word' id='word_1_27' title='bbox 244 809 322 876; x_wconf 90' lang='lat' dir='ltr'><strong>baud</strong></span> <span class='ocrx_word' id='word_1_28' title='bbox 353 810 493 891; x_wconf 86' lang='lat' dir='ltr'><strong>sulcatis,</strong></span> <span class='ocrx_word' id='word_1_29' title='bbox 531 813 588 874; x_wconf 91' lang='lat' dir='ltr'><strong>reti</strong></span> <span class='ocrx_word' id='word_1_30' title='bbox 623 810 659 874; x_wconf 92' lang='lat' dir='ltr'><strong>ad</strong></span> <span class='ocrx_word' id='word_1_31' title='bbox 690 810 816 892; x_wconf 79' lang='lat' dir='ltr'><strong>angulos</strong></span> <span class='ocrx_word' id='word_1_32' title='bbox 843 812 957 876; x_wconf 87' lang='lat' dir='ltr'><strong>minute</strong></span> <span class='ocrx_word' id='word_1_33' title='bbox 979 813 1168 898; x_wconf 77' lang='lat' dir='ltr'><strong>rectangqu,</strong></span> 
     </span>
    </p>
   </div>
   <div class='ocr_carea' id='block_1_3' title="bbox 13 911 1261 1521">
    <p class='ocr_par' dir='ltr' id='par_1_3' title="bbox 108 911 1095 999">
     <span class='ocr_line' id='line_1_6' title="bbox 108 911 1095 999; baseline 0.004 -21"><span class='ocrx_word' id='word_1_34' title='bbox 108 915 203 985; x_wconf 67' lang='lat' dir='ltr'><strong>monto</strong></span> <span class='ocrx_word' id='word_1_35' title='bbox 226 918 343 999; x_wconf 78' lang='lat' dir='ltr'><strong>ignoto.</strong></span> <span class='ocrx_word' id='word_1_36' title='bbox 389 913 489 996; x_wconf 79' lang='lat' dir='ltr'><strong>iiryol.</strong></span> <span class='ocrx_word' id='word_1_37' title='bbox 512 931 577 979; x_wconf 86' lang='lat' dir='ltr'><strong>eur.</strong></span> <span class='ocrx_word' id='word_1_38' title='bbox 601 915 671 978; x_wconf 80' lang='lat' dir='ltr'><strong>Tab.</strong></span> <span class='ocrx_word' id='word_1_39' title='bbox 695 911 769 978; x_wconf 89' lang='grc'><strong>606.</strong></span> <span class='ocrx_word' id='word_1_40' title='bbox 1092 975 1095 982; x_wconf 89' lang='grc'>.</span> 
     </span>
    </p>

    <p class='ocr_par' dir='ltr' id='par_1_4' title="bbox 13 1019 1261 1521">
     <span class='ocr_line' id='line_1_7' title="bbox 13 1019 1169 1102; baseline 0.011 -24"><span class='ocrx_word' id='word_1_41' title='bbox 13 1019 56 1082; x_wconf 81' lang='lat' dir='ltr'><strong>tar.</strong></span> <span class='ocrx_word' id='word_1_42' title='bbox 70 1029 93 1100; x_wconf 82' lang='grc' dir='ltr'><strong>ζ.</strong></span> <span class='ocrx_word' id='word_1_43' title='bbox 108 1021 293 1102; x_wconf 72' lang='lat' dir='ltr'><strong>pipemensis,</strong></span> <span class='ocrx_word' id='word_1_44' title='bbox 316 1020 488 1100; x_wconf 84' lang='lat' dir='ltr'><strong>maximum,</strong></span> <span class='ocrx_word' id='word_1_45' title='bbox 511 1019 549 1083; x_wconf 84' lang='grc' dir='ltr'><strong>Η.</strong></span> <span class='ocrx_word' id='word_1_46' title='bbox 567 1020 778 1101; x_wconf 77' lang='lat' dir='ltr'><strong>ipsopods&#39;oidi</strong></span> <span class='ocrx_word' id='word_1_47' title='bbox 792 1019 899 1098; x_wconf 86' lang='lat' dir='ltr'><strong>simile,</strong></span> <span class='ocrx_word' id='word_1_48' title='bbox 914 1020 1001 1084; x_wconf 85' lang='lat' dir='ltr'><strong>saule</strong></span> <span class='ocrx_word' id='word_1_49' title='bbox 1016 1020 1169 1091; x_wconf 80' lang='lat' dir='ltr'><strong>flexuoso·</strong></span> 
     </span>
     <span class='ocr_line' id='line_1_8' title="bbox 110 1122 1168 1208; baseline 0.004 -22"><span class='ocrx_word' id='word_1_50' title='bbox 110 1131 230 1204; x_wconf 84' lang='lat' dir='ltr'><strong>erecto,</strong></span> <span class='ocrx_word' id='word_1_51' title='bbox 260 1123 356 1188; x_wconf 88' lang='lat' dir='ltr'><strong>dense</strong></span> <span class='ocrx_word' id='word_1_52' title='bbox 380 1131 411 1188; x_wconf 87' lang='lat' dir='ltr'><strong>et</strong></span> <span class='ocrx_word' id='word_1_53' title='bbox 432 1124 525 1208; x_wconf 81' lang='lat' dir='ltr'><strong>longe</strong></span> <span class='ocrx_word' id='word_1_54' title='bbox 549 1122 861 1206; x_wconf 78' lang='lat' dir='ltr'><strong>pinnato-ramulosa,</strong></span> <span class='ocrx_word' id='word_1_55' title='bbox 900 1123 978 1188; x_wconf 89' lang='lat' dir='ltr'><strong>ioliis</strong></span> <span class='ocrx_word' id='word_1_56' title='bbox 1009 1125 1168 1205; x_wconf 78' lang='lat' dir='ltr'><strong>consertis,</strong></span> 
     </span>
     <span class='ocr_line' id='line_1_9' title="bbox 108 1226 1261 1318; baseline 0.006 -28"><span class='ocrx_word' id='word_1_57' title='bbox 108 1229 217 1310; x_wconf 82' lang='lat' dir='ltr'><strong>longis,</strong></span> <span class='ocrx_word' id='word_1_58' title='bbox 235 1226 514 1308; x_wconf 76' lang='lat' dir='ltr'><strong>falcato-secundis,</strong></span> <span class='ocrx_word' id='word_1_59' title='bbox 531 1226 864 1312; x_wconf 80' lang='lat' dir='ltr'><strong>elongato-lanceolatis</strong></span> <span class='ocrx_word' id='word_1_60' title='bbox 879 1227 970 1311; x_wconf 76' lang='lat' dir='ltr'><strong>longe</strong></span> <span class='ocrx_word' id='word_1_61' title='bbox 988 1236 1018 1293; x_wconf 90' lang='lat' dir='ltr'><strong>et</strong></span> <span class='ocrx_word' id='word_1_62' title='bbox 1038 1234 1170 1317; x_wconf 70' lang='lat' dir='ltr'><strong>tenpiwr</strong></span> <span class='ocrx_word' id='word_1_63' title='bbox 1258 1311 1261 1318; x_wconf 28' lang='grc' dir='ltr'>Ι</span> 
     </span>
     <span class='ocr_line' id='line_1_10' title="bbox 106 1330 1168 1417; baseline 0.007 -23"><span class='ocrx_word' id='word_1_64' title='bbox 106 1333 297 1414; x_wconf 79' lang='lat' dir='ltr'><strong>acuminatis,</strong></span> <span class='ocrx_word' id='word_1_65' title='bbox 328 1338 412 1396; x_wconf 87' lang='lat' dir='ltr'><strong>costa</strong></span> <span class='ocrx_word' id='word_1_66' title='bbox 441 1330 587 1414; x_wconf 88' lang='lat' dir='ltr'><strong>depressa</strong></span> <span class='ocrx_word' id='word_1_67' title='bbox 611 1330 754 1396; x_wconf 80' lang='lat' dir='ltr'><strong>solidiore</strong></span> <span class='ocrx_word' id='word_1_68' title='bbox 783 1330 819 1394; x_wconf 93' lang='lat' dir='ltr'><strong>ad</strong></span> <span class='ocrx_word' id='word_1_69' title='bbox 842 1333 956 1414; x_wconf 80' lang='lat' dir='ltr'><strong>apicem</strong></span> <span class='ocrx_word' id='word_1_70' title='bbox 979 1350 1076 1416; x_wconf 80' lang='lat' dir='ltr'><strong>usque</strong></span> <span class='ocrx_word' id='word_1_71' title='bbox 1099 1353 1168 1417; x_wconf 91' lang='lat' dir='ltr'><strong>pro·</strong></span> 
     </span>
     <span class='ocr_line' id='line_1_11' title="bbox 108 1433 939 1521; baseline 0.004 -25"><span class='ocrx_word' id='word_1_72' title='bbox 108 1433 208 1516; x_wconf 89' lang='lat' dir='ltr'><strong>ducta,</strong></span> <span class='ocrx_word' id='word_1_73' title='bbox 232 1436 417 1500; x_wconf 90' lang='lat' dir='ltr'><strong>areoiatione</strong></span> <span class='ocrx_word' id='word_1_74' title='bbox 440 1443 580 1518; x_wconf 73' lang='lat' dir='ltr'><strong>angusto,</strong></span> <span class='ocrx_word' id='word_1_75' title='bbox 604 1435 703 1500; x_wconf 87' lang='lat' dir='ltr'><strong>iruotn</strong></span> <span class='ocrx_word' id='word_1_76' title='bbox 725 1435 845 1521; x_wconf 76' lang='lat' dir='ltr'><strong>ignot03</strong></span> <span class='ocrx_word' id='word_1_77' title='bbox 868 1435 939 1500; x_wconf 86' lang='lat' dir='ltr'><strong>ibid.</strong></span> 
     </span>
    </p>
   </div>
   <div class='ocr_carea' id='block_1_4' title="bbox 13 1555 1171 2355">
    <p class='ocr_par' dir='ltr' id='par_1_5' title="bbox 13 1555 1171 2250">
     <span class='ocr_line' id='line_1_12' title="bbox 68 1555 1171 1641; baseline 0.005 -23"><span class='ocrx_word' id='word_1_78' title='bbox 68 1555 167 1621; x_wconf 81' lang='lat' dir='ltr'><strong>tiabit.</strong></span> <span class='ocrx_word' id='word_1_79' title='bbox 193 1558 224 1620; x_wconf 95' lang='lat' dir='ltr'><strong>in</strong></span> <span class='ocrx_word' id='word_1_80' title='bbox 246 1557 372 1622; x_wconf 85' lang='lat' dir='ltr'><strong>toriosis</strong></span> <span class='ocrx_word' id='word_1_81' title='bbox 394 1557 553 1640; x_wconf 79' lang='lat' dir='ltr'><strong>uliginosis</strong></span> <span class='ocrx_word' id='word_1_82' title='bbox 576 1576 593 1619; x_wconf 92' lang='lat' dir='ltr'><strong>e</strong></span> <span class='ocrx_word' id='word_1_83' title='bbox 616 1557 738 1640; x_wconf 86' lang='lat' dir='ltr'><strong>planitie</strong></span> <span class='ocrx_word' id='word_1_84' title='bbox 754 1573 850 1639; x_wconf 82' lang='lat' dir='ltr'><strong>nsque</strong></span> <span class='ocrx_word' id='word_1_85' title='bbox 866 1557 897 1620; x_wconf 95' lang='lat' dir='ltr'><strong>in</strong></span> <span class='ocrx_word' id='word_1_86' title='bbox 912 1558 1070 1641; x_wconf 76' lang='lat' dir='ltr'><strong>regionem</strong></span> <span class='ocrx_word' id='word_1_87' title='bbox 1087 1579 1171 1624; x_wconf 90' lang='lat' dir='ltr'><strong>mon-</strong></span> 
     </span>
     <span class='ocr_line' id='line_1_13' title="bbox 13 1661 1170 1748; baseline 0.008 -29"><span class='ocrx_word' id='word_1_88' title='bbox 13 1676 80 1724; x_wconf 82' lang='lat' dir='ltr'><strong>roam</strong></span> <span class='ocrx_word' id='word_1_89' title='bbox 101 1663 301 1744; x_wconf 86' lang='lat' dir='ltr'><strong>superiorem,</strong></span> <span class='ocrx_word' id='word_1_90' title='bbox 325 1661 403 1727; x_wconf 85' lang='lat' dir='ltr'><strong>baud</strong></span> <span class='ocrx_word' id='word_1_91' title='bbox 427 1682 527 1728; x_wconf 89' lang='lat' dir='ltr'><strong>rarum</strong></span> <span class='ocrx_word' id='word_1_92' title='bbox 550 1681 606 1745; x_wconf 88' lang='lat' dir='ltr'><strong>per</strong></span> <span class='ocrx_word' id='word_1_93' title='bbox 627 1680 734 1728; x_wconf 83' lang='lat' dir='ltr'><strong>zonam</strong></span> <span class='ocrx_word' id='word_1_94' title='bbox 757 1662 965 1726; x_wconf 69' lang='lat' dir='ltr'><strong>intermediam</strong></span> <span class='ocrx_word' id='word_1_95' title='bbox 989 1671 1079 1746; x_wconf 84' lang='lat' dir='ltr'><strong>atque</strong></span> <span class='ocrx_word' id='word_1_96' title='bbox 1102 1684 1170 1748; x_wconf 89' lang='lat' dir='ltr'><strong>sep-</strong></span> 
     </span>
     <span class='ocr_line' id='line_1_14' title="bbox 13 1765 1170 1852; baseline 0.008 -28"><span class='ocrx_word' id='word_1_97' title='bbox 13 1765 205 1846; x_wconf 78' lang='lat' dir='ltr'><strong>sntrionaiem3</strong></span> <span class='ocrx_word' id='word_1_98' title='bbox 237 1783 300 1830; x_wconf 79' lang='lat' dir='ltr'><strong>aar.</strong></span> <span class='ocrx_word' id='word_1_99' title='bbox 324 1772 353 1846; x_wconf 84' lang='grc' dir='ltr'><strong>β.</strong></span> <span class='ocrx_word' id='word_1_100' title='bbox 376 1769 406 1830; x_wconf 92' lang='lat' dir='ltr'><strong>in</strong></span> <span class='ocrx_word' id='word_1_101' title='bbox 429 1769 522 1851; x_wconf 87' lang='lat' dir='ltr'><strong>pratis</strong></span> <span class='ocrx_word' id='word_1_102' title='bbox 545 1767 719 1852; x_wconf 76' lang='lat' dir='ltr'><strong>spongiosis</strong></span> <span class='ocrx_word' id='word_1_103' title='bbox 741 1766 874 1848; x_wconf 86' lang='lat' dir='ltr'><strong>planitiei</strong></span> <span class='ocrx_word' id='word_1_104' title='bbox 896 1773 986 1850; x_wconf 83' lang='lat' dir='ltr'><strong>atquo</strong></span> <span class='ocrx_word' id='word_1_105' title='bbox 1008 1770 1170 1850; x_wconf 80' lang='lat' dir='ltr'><strong>montinm3</strong></span> 
     </span>
     <span class='ocr_line' id='line_1_15' title="bbox 13 1869 1171 1953; baseline 0.008 -24"><span class='ocrx_word' id='word_1_106' title='bbox 13 1885 45 1930; x_wconf 87' lang='lat' dir='ltr'><strong>rr.</strong></span> <span class='ocrx_word' id='word_1_107' title='bbox 65 1893 90 1952; x_wconf 74' lang='lat' dir='ltr'><strong>y.</strong></span> <span class='ocrx_word' id='word_1_108' title='bbox 116 1870 148 1933; x_wconf 95' lang='lat' dir='ltr'><strong>in</strong></span> <span class='ocrx_word' id='word_1_109' title='bbox 180 1871 274 1952; x_wconf 89' lang='lat' dir='ltr'><strong>pratis</strong></span> <span class='ocrx_word' id='word_1_110' title='bbox 309 1873 461 1935; x_wconf 90' lang='lat' dir='ltr'><strong>inundatis</strong></span> <span class='ocrx_word' id='word_1_111' title='bbox 492 1871 671 1935; x_wconf 87' lang='lat' dir='ltr'><strong>Germaniae</strong></span> <span class='ocrx_word' id='word_1_112' title='bbox 701 1869 963 1953; x_wconf 82' lang='lat' dir='ltr'><strong>septentrionalis3</strong></span> <span class='ocrx_word' id='word_1_113' title='bbox 998 1890 1059 1938; x_wconf 89' lang='lat' dir='ltr'><strong>var.</strong></span> <span class='ocrx_word' id='word_1_114' title='bbox 1082 1875 1110 1937; x_wconf 77' lang='lat' dir='ltr'><strong>d.</strong></span> <span class='ocrx_word' id='word_1_115' title='bbox 1141 1876 1171 1938; x_wconf 89' lang='lat' dir='ltr'><strong>in</strong></span> 
     </span>
     <span class='ocr_line' id='line_1_16' title="bbox 13 1973 1170 2060; baseline 0.007 -27"><span class='ocrx_word' id='word_1_116' title='bbox 13 1975 123 2037; x_wconf 79' lang='lat' dir='ltr'><strong>iontosis</strong></span> <span class='ocrx_word' id='word_1_117' title='bbox 147 1975 320 2057; x_wconf 81' lang='lat' dir='ltr'><strong>Hercyniae</strong></span> <span class='ocrx_word' id='word_1_118' title='bbox 342 1983 433 2058; x_wconf 87' lang='lat' dir='ltr'><strong>atque</strong></span> <span class='ocrx_word' id='word_1_119' title='bbox 450 1973 646 2055; x_wconf 82' lang='lat' dir='ltr'><strong>Sndetorum3</strong></span> <span class='ocrx_word' id='word_1_120' title='bbox 670 1992 731 2038; x_wconf 84' lang='lat' dir='ltr'><strong>rar.</strong></span> <span class='ocrx_word' id='word_1_121' title='bbox 748 1997 771 2039; x_wconf 83' lang='lat' dir='ltr'><strong>s.</strong></span> <span class='ocrx_word' id='word_1_122' title='bbox 788 1975 819 2036; x_wconf 91' lang='lat' dir='ltr'><strong>in</strong></span> <span class='ocrx_word' id='word_1_123' title='bbox 836 1975 952 2060; x_wconf 81' lang='lat' dir='ltr'><strong>stagnis</strong></span> <span class='ocrx_word' id='word_1_124' title='bbox 968 1977 1170 2042; x_wconf 82' lang='lat' dir='ltr'><strong>tortuosorum</strong></span> 
     </span>
     <span class='ocr_line' id='line_1_17' title="bbox 13 2077 1169 2164; baseline 0.006 -25"><span class='ocrx_word' id='word_1_125' title='bbox 13 2077 158 2144; x_wconf 65' lang='lat' dir='ltr'><strong>ternarias</strong></span> <span class='ocrx_word' id='word_1_126' title='bbox 183 2086 276 2162; x_wconf 90' lang='lat' dir='ltr'><strong>sept.;</strong></span> <span class='ocrx_word' id='word_1_127' title='bbox 308 2099 371 2145; x_wconf 85' lang='lat' dir='ltr'><strong>var.</strong></span> <span class='ocrx_word' id='word_1_128' title='bbox 396 2092 422 2160; x_wconf 85' lang='grc' dir='ltr'><strong>ζ.</strong></span> <span class='ocrx_word' id='word_1_129' title='bbox 446 2081 476 2144; x_wconf 93' lang='lat' dir='ltr'><strong>in</strong></span> <span class='ocrx_word' id='word_1_130' title='bbox 505 2078 623 2164; x_wconf 83' lang='lat' dir='ltr'><strong>stagnis</strong></span> <span class='ocrx_word' id='word_1_131' title='bbox 652 2079 787 2164; x_wconf 78' lang='lat' dir='ltr'><strong>regionis</strong></span> <span class='ocrx_word' id='word_1_132' title='bbox 819 2087 977 2143; x_wconf 91' lang='lat' dir='ltr'><strong>montanae</strong></span> <span class='ocrx_word' id='word_1_133' title='bbox 1010 2088 1041 2144; x_wconf 91' lang='lat' dir='ltr'><strong>et</strong></span> <span class='ocrx_word' id='word_1_134' title='bbox 1070 2083 1169 2146; x_wconf 87' lang='lat' dir='ltr'><strong>subat-</strong></span> 
     </span>
     <span class='ocr_line' id='line_1_18' title="bbox 13 2181 799 2250; baseline 0.013 -6"><span class='ocrx_word' id='word_1_135' title='bbox 13 2181 65 2247; x_wconf 88' lang='lat' dir='ltr'><strong>&#39;oae</strong></span> <span class='ocrx_word' id='word_1_136' title='bbox 85 2184 255 2250; x_wconf 85' lang='lat' dir='ltr'><strong>Helvetiae.</strong></span> <span class='ocrx_word' id='word_1_137' title='bbox 796 2194 799 2202; x_wconf 88' lang='lat'>&#39;</span> 
     </span>
    </p>

    <p class='ocr_par' dir='ltr' id='par_1_6' title="bbox 62 2288 423 2355">
     <span class='ocr_line' id='line_1_19' title="bbox 62 2288 423 2355; baseline 0 -4"><span class='ocrx_word' id='word_1_138' title='bbox 62 2289 165 2354; x_wconf 78' lang='lat' dir='ltr'><strong>Fnsct.</strong></span> <span class='ocrx_word' id='word_1_139' title='bbox 189 2297 301 2355; x_wconf 82' lang='lat' dir='ltr'><strong>motor.</strong></span> <span class='ocrx_word' id='word_1_140' title='bbox 324 2288 423 2352; x_wconf 78' lang='lat' dir='ltr'><strong>iunio.</strong></span> 
     </span>
    </p>
   </div>
   <div class='ocr_carea' id='block_1_5' title="bbox 13 2387 1172 2728">
    <p class='ocr_par' dir='ltr' id='par_1_7' title="bbox 13 2387 1172 2728">
     <span class='ocr_line' id='line_1_20' title="bbox 49 2387 1172 2478; baseline 0.005 -18"><span class='ocrx_word' id='word_1_141' title='bbox 49 2409 153 2477; x_wconf 85' lang='lat' dir='ltr'><strong>Species</strong></span> <span class='ocrx_word' id='word_1_142' title='bbox 173 2410 307 2464; x_wconf 81' lang='lat' dir='ltr'><strong>variabilis</strong></span> <span class='ocrx_word' id='word_1_143' title='bbox 326 2410 434 2464; x_wconf 80' lang='lat' dir='ltr'><strong>difficile</strong></span> <span class='ocrx_word' id='word_1_144' title='bbox 453 2410 612 2476; x_wconf 78' lang='lat' dir='ltr'><strong>extricando,</strong></span> <span class='ocrx_word' id='word_1_145' title='bbox 631 2425 645 2460; x_wconf 90' lang='lat' dir='ltr'><strong>s</strong></span> <span class='ocrx_word' id='word_1_146' title='bbox 664 2387 865 2478; x_wconf 49' lang='lat' dir='ltr'><strong>piuriniis&#39;msle</strong></span> <span class='ocrx_word' id='word_1_147' title='bbox 884 2409 986 2462; x_wconf 82' lang='lat' dir='ltr'><strong>definita</strong></span> <span class='ocrx_word' id='word_1_148' title='bbox 998 2409 1041 2463; x_wconf 83' lang='lat' dir='ltr'><strong>vel</strong></span> <span class='ocrx_word' id='word_1_149' title='bbox 1062 2428 1172 2466; x_wconf 88' lang='lat' dir='ltr'><strong>commu·</strong></span> 
     </span>
     <span class='ocr_line' id='line_1_21' title="bbox 13 2495 1170 2571; baseline 0.006 -23"><span class='ocrx_word' id='word_1_150' title='bbox 13 2501 40 2562; x_wconf 90' lang='lat' dir='ltr'><strong>ts,</strong></span> <span class='ocrx_word' id='word_1_151' title='bbox 56 2515 70 2550; x_wconf 88' lang='lat' dir='ltr'><strong>s</strong></span> <span class='ocrx_word' id='word_1_152' title='bbox 87 2498 163 2552; x_wconf 85' lang='lat' dir='ltr'><strong>nobis</strong></span> <span class='ocrx_word' id='word_1_153' title='bbox 179 2500 224 2552; x_wconf 82' lang='lat' dir='ltr'><strong>six</strong></span> <span class='ocrx_word' id='word_1_154' title='bbox 236 2500 298 2552; x_wconf 83' lang='lat' dir='ltr'><strong>satis</strong></span> <span class='ocrx_word' id='word_1_155' title='bbox 315 2508 420 2552; x_wconf 87' lang='lat' dir='ltr'><strong>scurste</strong></span> <span class='ocrx_word' id='word_1_156' title='bbox 439 2497 642 2564; x_wconf 84' lang='lat' dir='ltr'><strong>circumscripta,</strong></span> <span class='ocrx_word' id='word_1_157' title='bbox 660 2495 896 2564; x_wconf 72' lang='lat' dir='ltr'><strong>investigationibus</strong></span> <span class='ocrx_word' id='word_1_158' title='bbox 913 2497 1079 2554; x_wconf 79' lang='lat' dir='ltr'><strong>ulterioribus</strong></span> <span class='ocrx_word' id='word_1_159' title='bbox 1096 2518 1170 2571; x_wconf 82' lang='lat' dir='ltr'><strong>qnam</strong></span> 
     </span>
     <span class='ocr_line' id='line_1_22' title="bbox 13 2584 1172 2656; baseline 0.009 -22"><span class='ocrx_word' id='word_1_160' title='bbox 13 2587 81 2639; x_wconf 78' lang='lat' dir='ltr'><strong>unone</strong></span> <span class='ocrx_word' id='word_1_161' title='bbox 111 2588 326 2642; x_wconf 82' lang='lat' dir='ltr'><strong>commendanda.</strong></span> <span class='ocrx_word' id='word_1_162' title='bbox 368 2585 442 2638; x_wconf 83' lang='lat' dir='ltr'><strong>Duae</strong></span> <span class='ocrx_word' id='word_1_163' title='bbox 472 2586 558 2638; x_wconf 83' lang='lat' dir='ltr'><strong>forsan</strong></span> <span class='ocrx_word' id='word_1_164' title='bbox 588 2585 690 2654; x_wconf 87' lang='lat' dir='ltr'><strong>species</strong></span> <span class='ocrx_word' id='word_1_165' title='bbox 720 2586 746 2636; x_wconf 87' lang='lat' dir='ltr'><strong>in</strong></span> <span class='ocrx_word' id='word_1_166' title='bbox 776 2584 943 2638; x_wconf 84' lang='lat' dir='ltr'><strong>varietatibus</strong></span> <span class='ocrx_word' id='word_1_167' title='bbox 973 2603 1049 2656; x_wconf 86' lang='lat' dir='ltr'><strong>snprs</strong></span> <span class='ocrx_word' id='word_1_168' title='bbox 1084 2587 1172 2644; x_wconf 83' lang='lat' dir='ltr'><strong>sciatis</strong></span> 
     </span>
     <span class='ocr_line' id='line_1_23' title="bbox 13 2667 254 2728; baseline 0.012 -5"><span class='ocrx_word' id='word_1_169' title='bbox 13 2672 91 2726; x_wconf 70' lang='lat' dir='ltr'><strong>ecutae</strong></span> <span class='ocrx_word' id='word_1_170' title='bbox 109 2667 254 2728; x_wconf 85' lang='lat' dir='ltr'><strong>remanent.</strong></span> 
     </span>
    </p>
   </div>
   <div class='ocr_carea' id='block_1_6' title="bbox 352 2826 799 3038">
    <p class='ocr_par' dir='ltr' id='par_1_8' title="bbox 352 2826 799 3038">
     <span class='ocr_line' id='line_1_24' title="bbox 352 2826 799 2911; baseline -0.004 -15"><span class='ocrx_word' id='word_1_171' title='bbox 352 2829 380 2896; x_wconf 87' lang='lat' dir='ltr'><strong>t.</strong></span> <span class='ocrx_word' id='word_1_172' title='bbox 410 2829 543 2911; x_wconf 80' lang='lat' dir='ltr'><strong>ttypnus</strong></span> <span class='ocrx_word' id='word_1_173' title='bbox 565 2826 799 2911; x_wconf 79' lang='lat' dir='ltr'><strong>tsoopodtottes.</strong></span> 
     </span>
     <span class='ocr_line' id='line_1_25' title="bbox 378 2965 766 3038; baseline -0.003 -17"><span class='ocrx_word' id='word_1_174' title='bbox 378 2967 525 3022; x_wconf 75' lang='lat' dir='ltr'><strong>Smwsnoa.</strong></span> <span class='ocrx_word' id='word_1_175' title='bbox 544 2968 633 3038; x_wconf 78' lang='lat' dir='ltr'><strong>Snppi</strong></span> <span class='ocrx_word' id='word_1_176' title='bbox 650 2967 671 3037; x_wconf 87' lang='lat' dir='ltr'><strong>l,</strong></span> <span class='ocrx_word' id='word_1_177' title='bbox 689 2967 717 3021; x_wconf 88' lang='lat' dir='ltr'><strong>P.</strong></span> <span class='ocrx_word' id='word_1_178' title='bbox 734 2965 766 3021; x_wconf 92' lang='lat' dir='ltr'><strong>ll.</strong></span> 
     </span>
    </p>
   </div>
   <div class='ocr_carea' id='block_1_7' title="bbox 13 3089 1174 4328">
    <p class='ocr_par' dir='ltr' id='par_1_9' title="bbox 13 3089 1174 4328">
     <span class='ocr_line' id='line_1_26' title="bbox 62 3089 1174 3174; baseline 0.002 -20"><span class='ocrx_word' id='word_1_179' title='bbox 62 3091 250 3172; x_wconf 84' lang='lat' dir='ltr'><strong>Procerum,</strong></span> <span class='ocrx_word' id='word_1_180' title='bbox 283 3091 433 3174; x_wconf 87' lang='lat' dir='ltr'><strong>caespites</strong></span> <span class='ocrx_word' id='word_1_181' title='bbox 464 3089 629 3173; x_wconf 79' lang='lat' dir='ltr'><strong>profundos</strong></span> <span class='ocrx_word' id='word_1_182' title='bbox 658 3089 764 3154; x_wconf 89' lang='lat' dir='ltr'><strong>molles</strong></span> <span class='ocrx_word' id='word_1_183' title='bbox 793 3107 924 3172; x_wconf 87' lang='lat' dir='ltr'><strong>superne</strong></span> <span class='ocrx_word' id='word_1_184' title='bbox 947 3108 964 3152; x_wconf 88' lang='lat' dir='ltr'><strong>e</strong></span> <span class='ocrx_word' id='word_1_185' title='bbox 987 3089 1174 3156; x_wconf 88' lang='lat' dir='ltr'><strong>luteo-viridi</strong></span> 
     </span>
     <span class='ocr_line' id='line_1_27' title="bbox 13 3191 1172 3278; baseline 0.005 -24"><span class='ocrx_word' id='word_1_186' title='bbox 13 3203 188 3259; x_wconf 83' lang='lat' dir='ltr'><strong>acescentes</strong></span> <span class='ocrx_word' id='word_1_187' title='bbox 215 3193 336 3258; x_wconf 80' lang='lat' dir='ltr'><strong>inferne</strong></span> <span class='ocrx_word' id='word_1_188' title='bbox 360 3195 645 3278; x_wconf 81' lang='lat' dir='ltr'><strong>iusso-nigricantes</strong></span> <span class='ocrx_word' id='word_1_189' title='bbox 668 3191 816 3258; x_wconf 85' lang='lat' dir='ltr'><strong>efficiens.</strong></span> <span class='ocrx_word' id='word_1_190' title='bbox 862 3191 962 3256; x_wconf 86' lang='lat' dir='ltr'><strong>Cauiis</strong></span> <span class='ocrx_word' id='word_1_191' title='bbox 978 3194 1172 3277; x_wconf 87' lang='lat' dir='ltr'><strong>semipedalis</strong></span> 
     </span>
     <span class='ocr_line' id='line_1_28' title="bbox 31 3297 1172 3382; baseline 0.004 -22"><span class='ocrx_word' id='word_1_192' title='bbox 31 3299 125 3382; x_wconf 82' lang='lat' dir='ltr'><strong>altior,</strong></span> <span class='ocrx_word' id='word_1_193' title='bbox 151 3300 432 3364; x_wconf 82' lang='lat' dir='ltr'><strong>flexuoso-erectus</strong></span> <span class='ocrx_word' id='word_1_194' title='bbox 447 3301 496 3362; x_wconf 87' lang='lat' dir='ltr'><strong>vel</strong></span> <span class='ocrx_word' id='word_1_195' title='bbox 511 3298 709 3381; x_wconf 89' lang='lat' dir='ltr'><strong>decumbens,</strong></span> <span class='ocrx_word' id='word_1_196' title='bbox 733 3299 844 3378; x_wconf 90' lang='lat' dir='ltr'><strong>tenuis,</strong></span> <span class='ocrx_word' id='word_1_197' title='bbox 866 3316 957 3380; x_wconf 91' lang='lat' dir='ltr'><strong>parce</strong></span> <span class='ocrx_word' id='word_1_198' title='bbox 973 3297 1172 3382; x_wconf 87' lang='lat' dir='ltr'><strong>dichotornus,</strong></span> 
     </span>
     <span class='ocr_line' id='line_1_29' title="bbox 13 3402 1173 3487; baseline 0.004 -24"><span class='ocrx_word' id='word_1_199' title='bbox 13 3403 93 3467; x_wconf 90' lang='lat' dir='ltr'><strong>mulis</strong></span> <span class='ocrx_word' id='word_1_200' title='bbox 115 3405 278 3470; x_wconf 86' lang='lat' dir='ltr'><strong>biscriotis</strong></span> <span class='ocrx_word' id='word_1_201' title='bbox 301 3405 426 3468; x_wconf 90' lang='lat' dir='ltr'><strong>remotis</strong></span> <span class='ocrx_word' id='word_1_202' title='bbox 453 3404 563 3487; x_wconf 89' lang='lat' dir='ltr'><strong>patulis</strong></span> <span class='ocrx_word' id='word_1_203' title='bbox 594 3404 679 3487; x_wconf 90' lang='lat' dir='ltr'><strong>apice</strong></span> <span class='ocrx_word' id='word_1_204' title='bbox 710 3402 853 3469; x_wconf 84' lang='lat' dir='ltr'><strong>incurvis.</strong></span> <span class='ocrx_word' id='word_1_205' title='bbox 898 3402 978 3466; x_wconf 82' lang='lat' dir='ltr'><strong>Folia</strong></span> <span class='ocrx_word' id='word_1_206' title='bbox 1010 3405 1173 3486; x_wconf 88' lang='lat' dir='ltr'><strong>majusculo</strong></span> 
     </span>
     <span class='ocr_line' id='line_1_30' title="bbox 13 3503 1172 3592; baseline 0.003 -24"><span class='ocrx_word' id='word_1_207' title='bbox 13 3503 101 3572; x_wconf 85' lang='lat' dir='ltr'><strong>icato-</strong></span> <span class='ocrx_word' id='word_1_208' title='bbox 137 3509 191 3575; x_wconf 85' lang='lat' dir='ltr'><strong>vel</strong></span> <span class='ocrx_word' id='word_1_209' title='bbox 216 3505 538 3590; x_wconf 82' lang='lat' dir='ltr'><strong>flexuoso-secunda,</strong></span> <span class='ocrx_word' id='word_1_210' title='bbox 570 3526 611 3573; x_wconf 85' lang='lat' dir='ltr'><strong>ox</strong></span> <span class='ocrx_word' id='word_1_211' title='bbox 632 3515 721 3571; x_wconf 86' lang='lat' dir='ltr'><strong>ovato</strong></span> <span class='ocrx_word' id='word_1_212' title='bbox 744 3507 803 3571; x_wconf 88' lang='lat' dir='ltr'><strong>iate</strong></span> <span class='ocrx_word' id='word_1_213' title='bbox 827 3503 1172 3592; x_wconf 78' lang='lat' dir='ltr'><strong>elongato-lanceolata,</strong></span> 
     </span>
     <span class='ocr_line' id='line_1_31' title="bbox 13 3611 1172 3696; baseline 0.004 -23"><span class='ocrx_word' id='word_1_214' title='bbox 13 3611 122 3677; x_wconf 86' lang='lat' dir='ltr'><strong>oinnde</strong></span> <span class='ocrx_word' id='word_1_215' title='bbox 147 3613 434 3694; x_wconf 85' lang='lat' dir='ltr'><strong>flexuoso-sulcata,</strong></span> <span class='ocrx_word' id='word_1_216' title='bbox 457 3629 555 3696; x_wconf 89' lang='lat' dir='ltr'><strong>usque</strong></span> <span class='ocrx_word' id='word_1_217' title='bbox 571 3629 679 3677; x_wconf 86' lang='lat' dir='ltr'><strong>versus</strong></span> <span class='ocrx_word' id='word_1_218' title='bbox 695 3612 809 3694; x_wconf 85' lang='lat' dir='ltr'><strong>apicem</strong></span> <span class='ocrx_word' id='word_1_219' title='bbox 824 3612 1046 3694; x_wconf 76' lang='lat' dir='ltr'><strong>tenni-costato,</strong></span> <span class='ocrx_word' id='word_1_220' title='bbox 1064 3613 1172 3678; x_wconf 86' lang='lat' dir='ltr'><strong>mollio.</strong></span> 
     </span>
     <span class='ocr_line' id='line_1_32' title="bbox 13 3715 1173 3802; baseline 0.006 -26"><span class='ocrx_word' id='word_1_221' title='bbox 13 3719 198 3782; x_wconf 81' lang='lat' dir='ltr'><strong>nichaetium</strong></span> <span class='ocrx_word' id='word_1_222' title='bbox 223 3719 254 3780; x_wconf 92' lang='lat' dir='ltr'><strong>in</strong></span> <span class='ocrx_word' id='word_1_223' title='bbox 276 3715 392 3781; x_wconf 87' lang='lat' dir='ltr'><strong>ramulo</strong></span> <span class='ocrx_word' id='word_1_224' title='bbox 415 3735 506 3802; x_wconf 86' lang='lat' dir='ltr'><strong>parce</strong></span> <span class='ocrx_word' id='word_1_225' title='bbox 529 3716 682 3781; x_wconf 84' lang='lat' dir='ltr'><strong>radicante</strong></span> <span class='ocrx_word' id='word_1_226' title='bbox 705 3716 839 3800; x_wconf 81' lang='lat' dir='ltr'><strong>longum,</strong></span> <span class='ocrx_word' id='word_1_227' title='bbox 863 3717 1064 3798; x_wconf 88' lang='lat' dir='ltr'><strong>imbricatum,</strong></span> <span class='ocrx_word' id='word_1_228' title='bbox 1093 3719 1173 3784; x_wconf 82' lang='lat' dir='ltr'><strong>toliis</strong></span> 
     </span>
     <span class='ocr_line' id='line_1_33' title="bbox 13 3821 1173 3907; baseline 0.002 -23"><span class='ocrx_word' id='word_1_229' title='bbox 13 3825 99 3888; x_wconf 88' lang='lat' dir='ltr'><strong>tornis</strong></span> <span class='ocrx_word' id='word_1_230' title='bbox 124 3825 295 3907; x_wconf 80' lang='lat' dir='ltr'><strong>elongatis,</strong></span> <span class='ocrx_word' id='word_1_231' title='bbox 319 3823 506 3904; x_wconf 90' lang='lat' dir='ltr'><strong>acuminatis,</strong></span> <span class='ocrx_word' id='word_1_232' title='bbox 530 3821 644 3905; x_wconf 88' lang='lat' dir='ltr'><strong>pluries</strong></span> <span class='ocrx_word' id='word_1_233' title='bbox 661 3830 691 3885; x_wconf 87' lang='lat' dir='ltr'><strong>et</strong></span> <span class='ocrx_word' id='word_1_234' title='bbox 711 3821 859 3905; x_wconf 80' lang='lat' dir='ltr'><strong>profunde</strong></span> <span class='ocrx_word' id='word_1_235' title='bbox 882 3822 1016 3904; x_wconf 86' lang='lat' dir='ltr'><strong>sulcatis,</strong></span> <span class='ocrx_word' id='word_1_236' title='bbox 1040 3825 1173 3888; x_wconf 88' lang='lat' dir='ltr'><strong>costatis.</strong></span> 
     </span>
     <span class='ocr_line' id='line_1_34' title="bbox 13 3925 1173 4013; baseline 0.003 -25"><span class='ocrx_word' id='word_1_237' title='bbox 13 3931 101 4010; x_wconf 77' lang='lat' dir='ltr'><strong>ipsnIa</strong></span> <span class='ocrx_word' id='word_1_238' title='bbox 125 3929 266 4013; x_wconf 80' lang='lat' dir='ltr'><strong>oblonga</strong></span> <span class='ocrx_word' id='word_1_239' title='bbox 289 3946 307 3990; x_wconf 89' lang='lat' dir='ltr'><strong>e</strong></span> <span class='ocrx_word' id='word_1_240' title='bbox 330 3927 394 4011; x_wconf 80' lang='lat' dir='ltr'><strong>basi</strong></span> <span class='ocrx_word' id='word_1_241' title='bbox 418 3935 520 3992; x_wconf 87' lang='lat' dir='ltr'><strong>erecta</strong></span> <span class='ocrx_word' id='word_1_242' title='bbox 543 3946 655 3992; x_wconf 89' lang='lat' dir='ltr'><strong>cernua</strong></span> <span class='ocrx_word' id='word_1_243' title='bbox 678 3933 710 3990; x_wconf 87' lang='lat' dir='ltr'><strong>et</strong></span> <span class='ocrx_word' id='word_1_244' title='bbox 725 3928 858 4007; x_wconf 84' lang='lat' dir='ltr'><strong>incurva,</strong></span> <span class='ocrx_word' id='word_1_245' title='bbox 883 3925 1059 3992; x_wconf 86' lang='lat' dir='ltr'><strong>insoescens</strong></span> <span class='ocrx_word' id='word_1_246' title='bbox 1075 3936 1173 3992; x_wconf 86' lang='lat' dir='ltr'><strong>aetate</strong></span> 
     </span>
     <span class='ocr_line' id='line_1_35' title="bbox 15 4029 1174 4118; baseline 0.001 -24"><span class='ocrx_word' id='word_1_247' title='bbox 15 4031 70 4114; x_wconf 90' lang='lat' dir='ltr'><strong>dia,</strong></span> <span class='ocrx_word' id='word_1_248' title='bbox 93 4032 250 4118; x_wconf 87' lang='lat' dir='ltr'><strong>operculo</strong></span> <span class='ocrx_word' id='word_1_249' title='bbox 274 4033 438 4114; x_wconf 71' lang='lat' dir='ltr'><strong>mamillam,</strong></span> <span class='ocrx_word' id='word_1_250' title='bbox 461 4031 571 4097; x_wconf 88' lang='lat' dir='ltr'><strong>annulo</strong></span> <span class='ocrx_word' id='word_1_251' title='bbox 594 4031 749 4096; x_wconf 85' lang='lat' dir='ltr'><strong>latissimo.</strong></span> <span class='ocrx_word' id='word_1_252' title='bbox 782 4029 951 4095; x_wconf 88' lang='lat' dir='ltr'><strong>Peristomii</strong></span> <span class='ocrx_word' id='word_1_253' title='bbox 967 4032 1075 4096; x_wconf 89' lang='lat' dir='ltr'><strong>dentes</strong></span> <span class='ocrx_word' id='word_1_254' title='bbox 1091 4031 1174 4117; x_wconf 79' lang='lat' dir='ltr'><strong>longi</strong></span> 
     </span>
     <span class='ocr_line' id='line_1_36' title="bbox 13 4135 1174 4222; baseline 0 -22"><span class='ocrx_word' id='word_1_255' title='bbox 13 4139 173 4204; x_wconf 89' lang='lat' dir='ltr'><strong>sssiuscnli</strong></span> <span class='ocrx_word' id='word_1_256' title='bbox 196 4139 259 4202; x_wconf 90' lang='lat' dir='ltr'><strong>late</strong></span> <span class='ocrx_word' id='word_1_257' title='bbox 281 4136 587 4222; x_wconf 79' lang='lat' dir='ltr'><strong>hyalinomarginati,</strong></span> <span class='ocrx_word' id='word_1_258' title='bbox 611 4137 690 4200; x_wconf 91' lang='lat' dir='ltr'><strong>intus</strong></span> <span class='ocrx_word' id='word_1_259' title='bbox 706 4135 891 4215; x_wconf 89' lang='lat' dir='ltr'><strong>trabeculati,</strong></span> <span class='ocrx_word' id='word_1_260' title='bbox 915 4150 1079 4217; x_wconf 89' lang='lat' dir='ltr'><strong>processus</strong></span> <span class='ocrx_word' id='word_1_261' title='bbox 1094 4137 1174 4201; x_wconf 89' lang='lat' dir='ltr'><strong>inter</strong></span> 
     </span>
     <span class='ocr_line' id='line_1_37' title="bbox 13 4237 1172 4328; baseline -0.003 -20"><span class='ocrx_word' id='word_1_262' title='bbox 13 4244 207 4310; x_wconf 86' lang='lat' dir='ltr'><strong>ticulationes</strong></span> <span class='ocrx_word' id='word_1_263' title='bbox 233 4241 307 4326; x_wconf 88' lang='lat' dir='ltr'><strong>fissi,</strong></span> <span class='ocrx_word' id='word_1_264' title='bbox 331 4243 398 4307; x_wconf 87' lang='lat' dir='ltr'><strong>cilia</strong></span> <span class='ocrx_word' id='word_1_265' title='bbox 421 4241 600 4328; x_wconf 80' lang='lat' dir='ltr'><strong>aequiionga</strong></span> <span class='ocrx_word' id='word_1_266' title='bbox 623 4246 751 4322; x_wconf 90' lang='lat' dir='ltr'><strong>ternata,</strong></span> <span class='ocrx_word' id='word_1_267' title='bbox 774 4248 890 4304; x_wconf 86' lang='lat' dir='ltr'><strong>remote</strong></span> <span class='ocrx_word' id='word_1_268' title='bbox 914 4240 1040 4306; x_wconf 90' lang='lat' dir='ltr'><strong>nodosa.</strong></span> <span class='ocrx_word' id='word_1_269' title='bbox 1074 4237 1172 4324; x_wconf 77' lang='lat' dir='ltr'><strong>Brpol.</strong></span> 
     </span>
    </p>
   </div>
   <div class='ocr_carea' id='block_1_8' title="bbox 13 4345 1173 4578">
    <p class='ocr_par' dir='ltr' id='par_1_10' title="bbox 13 4345 1173 4578">
     <span class='ocr_line' id='line_1_38' title="bbox 13 4345 402 4431; baseline 0.008 -22"><span class='ocrx_word' id='word_1_270' title='bbox 13 4365 39 4413; x_wconf 79' lang='lat' dir='ltr'><strong>ir.</strong></span> <span class='ocrx_word' id='word_1_271' title='bbox 61 4350 109 4431; x_wconf 82' lang='lat' dir='ltr'><strong>tt,</strong></span> <span class='ocrx_word' id='word_1_272' title='bbox 134 4347 213 4413; x_wconf 81' lang='lat' dir='ltr'><strong>Tab.</strong></span> <span class='ocrx_word' id='word_1_273' title='bbox 232 4345 305 4414; x_wconf 81' lang='lat'><strong>613.</strong></span> <span class='ocrx_word' id='word_1_274' title='bbox 328 4345 402 4412; x_wconf 85' lang='grc'><strong>614.</strong></span> 
     </span>
     <span class='ocr_line' id='line_1_39' title="bbox 13 4467 1173 4578; baseline -0.005 -38"><span class='ocrx_word' id='word_1_275' title='bbox 13 4493 64 4578; x_wconf 38' lang='lat' dir='ltr'><strong>pp,</strong></span> <span class='ocrx_word' id='word_1_276' title='bbox 77 4473 321 4558; x_wconf 79' lang='lat' dir='ltr'><strong>lycopods&#39;os&#39;des</strong></span> <span class='ocrx_word' id='word_1_277' title='bbox 343 4471 538 4550; x_wconf 87' lang='lat' dir='ltr'><strong>decumbens,</strong></span> <span class='ocrx_word' id='word_1_278' title='bbox 562 4470 653 4534; x_wconf 89' lang='lat' dir='ltr'><strong>ramis</strong></span> <span class='ocrx_word' id='word_1_279' title='bbox 677 4470 760 4554; x_wconf 77' lang='lat' dir='ltr'><strong>vagis</strong></span> <span class='ocrx_word' id='word_1_280' title='bbox 783 4467 932 4549; x_wconf 83' lang='lat' dir='ltr'><strong>incurvis,</strong></span> <span class='ocrx_word' id='word_1_281' title='bbox 957 4468 1035 4534; x_wconf 78' lang='lat' dir='ltr'><strong>toliis</strong></span> <span class='ocrx_word' id='word_1_282' title='bbox 1059 4467 1173 4534; x_wconf 74' lang='lat' dir='ltr'><strong>falcatis</strong></span> 
     </span>
    </p>
   </div>
   <div class='ocr_carea' id='block_1_9' title="bbox 0 0 1581 5366">
    <p class='ocr_par' dir='ltr' id='par_1_11' title="bbox 0 0 1581 5366">
     <span class='ocr_line' id='line_1_40' title="bbox 0 0 1581 5366; baseline 0 0"><span class='ocrx_word' id='word_1_283' title='bbox 0 0 1581 5366; x_wconf 95' lang='lat' dir='ltr'><strong> </strong></span> 
     </span>
    </p>
   </div>
  </div>
 </body>
</html>
