3238 5352
379 337 422 394 XL
893 337 1059 392 lntroductio.

383 513 546 582 solitariam
567 511 698 597 degum,
730 512 781 576 uix
802 520 984 592 occurrunt,
1017 513 1076 574 vita
1107 511 1248 596 gregaria
1270 517 1374 575 corrtm
1401 507 1550 592 gaudentes

379 637 440 684 uon
463 619 550 702 pauci
573 616 781 699 reperiuntur,
813 616 969 698 densaque
995 614 1119 680 cohorte
1151 615 1330 699 cougregati
1353 615 1439 696 longe
1460 627 1549 674 nume-

379 723 531 790 rosissimi
552 729 632 786 sunt

467 827 563 893 bruci
593 825 691 890 denso
718 843 815 909 grege
847 826 1000 909 conjuncti
1031 841 1111 888 nuuc
1140 823 1293 908 caespites
1326 822 1484 904 depmssns
1513 815 1554 878 vei

379 931 446 1015 plus
469 931 567 994 minus
590 930 700 1011 elatos,
724 930 828 1012 planos
851 931 916 994 siue
938 935 1166 1008 tumescentes,
1190 926 1342 1008 efficiunt,
1365 943 1444 990 nunc
1464 921 1555 1006 puluil-

379 1035 446 1116 los,
481 1034 510 1099 id
542 1042 591 1099 est
620 1034 803 1117 caespitulos
826 1033 1005 1099 rotundatos
1029 1052 1046 1096 e
1069 1033 1196 1096 circuitu
1218 1032 1322 1096 humili
1344 1037 1478 1095 centrum
1497 1043 1555 1089 ver·

380 1158 449 1222 sus,
472 1138 683 1224 hemisphaerii
711 1137 818 1219 modo,
852 1139 1010 1203 exaltatos.
1055 1137 1206 1202 Plantulae
1238 1143 1364 1200 nosnos
1393 1135 1489 1216 inque
1516 1135 1557 1192 aut

380 1247 548 1328 gregoriae
578 1251 649 1307 sunt
679 1249 712 1306 ut
743 1244 900 1308 Fissidcnu
931 1245 1039 1322 exilu,
1073 1243 1256 1320 Discelium,
1289 1242 1394 1306 Pallia
1414 1235 1557 1310 mumulo,

382 1350 525 1415 Barbula
545 1348 711 1429 ambigua,
736 1348 870 1426 abida,
901 1347 1115 1428 breoirortrtr3
1148 1353 1200 1409 aut
1222 1347 1428 1428 compilantes
1448 1355 1558 1424 quartu

383 1455 459 1518 aliae
480 1452 804 1536 plana-caeptantes
826 1451 959 1516 evadunt
979 1459 1013 1515 ιιι
1034 1451 1176 1515 Rarhula
1190 1451 1368 1531 connodata,
1382 1449 1493 1531 sallao,
1507 1461 1559 1506 un·

383 1559 553 1641 guicutotm
574 1555 692 1637 Bryant
712 1557 1021 1640 preudotriqdetrurn,
1044 1556 1262 1638 Sphapnorunt
1284 1555 1423 1637 species3
1446 1547 1559 1615 tumido·

385 1663 590 1744 compilantes
626 1665 660 1724 ut
696 1659 908 1742 Leucohryurn
942 1661 1103 1742 glaucum,
1144 1659 1353 1740 Tetrcplodon
1389 1655 1559 1728 urceolalut,

384 1765 630 1846 Hislichhoseric
651 1765 751 1828 nitida
771 1784 839 1828 cor.
859 1766 1014 1846 elonpatc,
1037 1763 1220 1828 Bartrontia
1239 1764 1445 1846 punitorium,
1467 1757 1561 1822 llallc·

384 1872 489 1951 mana,
511 1867 625 1932 Oedcri
639 1885 667 1931 e.
682 1887 725 1948 a.;
751 1869 1134 1950 depenso-campitorem,
1157 1875 1191 1930 ut
1205 1869 1444 1950 Ambtyrtepiutn
1457 1861 1561 1936 eunte,

385 1993 522 2056 rapas,
545 1973 824 2054 Rhynchortepiurn
845 1974 1025 2054 consulunt,
1048 1973 1293 2054 ratundtsoliunr,
1317 1973 1501 2054 depranam,
1516 1967 1562 2028 de·

385 2080 511 2142 usinum
532 2095 560 2140 c.
583 2094 630 2156 u.3
664 2078 1037 2158 intricata-caespitum
1060 2083 1093 2141 ut
1114 2076 1371 2159 ldrachytheciurn
1402 2075 1561 2146 celum

384 2182 594 2270 sannorum
608 2180 836 2262 Eurbynchiunr
851 2183 1033 2263 strigosum
1055 2201 1135 2264 noge
1150 2183 1367 2263 caespilantcs,
1391 2188 1426 2244 ut
1440 2178 1563 2260 upton

385 2287 478 2351 mum
511 2286 643 2364 bocum,
677 2285 867 2366 combretum,
904 2286 1066 2350 l'huidr'unr
1088 2285 1338 2364 camenarum,
1373 2281 1562 2354 Anemonem

386 2389 620 2472 caespitulorae,
644 2388 664 2450 i.
687 2404 714 2452 e.
738 2389 920 2470 caespitulos
943 2390 1129 2474 irregulares
1145 2388 1325 2470 efficientes,
1349 2394 1383 2452 ut
1404 2387 1562 2460 mone,

387 2493 575 2558 Plcuridt'uor
596 2491 782 2572 ruhulotuns,
804 2491 953 2572 Brachia,
976 2493 1117 2558 Barbula
1137 2493 1301 2575 taeoipt'la,
1325 2491 1529 2557 ornaments

472 2595 567 2662 hlusci
589 2594 728 2678 pulvillos
751 2597 971 2660 constituentes
992 2599 1148 2680 putoinatr'
1169 2599 1380 2678 nominantur,
1418 2604 1451 2660 ut
1474 2593 1563 2658 Grin-

386 2703 450 2765 mia
483 2701 665 2783 pulvinata,
704 2700 911 2780 orbicularis,
959 2703 1157 2766 Corcinodon
1190 2703 1390 2784 pulcinatur,
1430 2697 1565 2782 prcdcn

386 2805 570 2888 dloapcotr't,
604 2803 704 2868 Oreos
725 2803 894 2868 dlcrtiana.
940 2805 1013 2868 cum
1045 2805 1158 2890 pulvilli
1190 2805 1399 2870 extenduntur
1429 2801 1565 2884 caespites

386 2917 591 2976 tumescentes
614 2907 802 2989 efficiuntur,
835 2927 903 2974 cum
934 2909 965 2973 bi
988 2910 1205 2974 contrahuntur
1226 2909 1340 2994 pulvilli
1361 2899 1565 2978 'ellormaolttn

387 3015 438 3098 qui
461 3014 622 3098 praecipue
646 3013 675 3076 in
699 3012 758 3076 illis
791 3014 952 3096 speciebus
984 3014 1194 3097 reperiuntur,
1228 3031 1306 3096 quac
1338 3009 1567 3079 innovationibus

386 3119 523 3202 repetitis
540 3117 755 3182 ramilicatione
771 3117 884 3200 pluries
901 3117 1070 3182 dichotoma
1087 3135 1157 3182 sese
1174 3117 1351 3182 extendunt.
1383 3119 1501 3184 Plantae
1516 3113 1567 3176 sin·

387 3223 477 3308 gulae
499 3223 530 3286 in
552 3221 700 3305 pulvillis,
732 3221 831 3286 rarius
855 3221 885 3284 iu
908 3221 1107 3305 caespitibus,
1140 3221 1259 3305 ngnnine
1288 3222 1366 3286 adeo
1389 3222 1488 3288 denso
1508 3227 1579 3282 sese*

386 3333 527 3410 premunt
559 3335 756 3409 lomentoque
785 3325 958 3390 radiculoso
986 3343 1004 3389 e
1036 3326 1190 3391 radicibus
1222 3325 1391 3392 adsentiris
1423 3335 1490 3393 orto
1518 3331 1579 3386 tam

386 3439 469 3498 arcte
493 3447 564 3494 sese
587 3436 772 3495 connectunt
803 3436 837 3492 ut
858 3447 968 3513 aegre,
999 3436 1032 3494 et
1053 3447 1123 3494 raro
1153 3431 1221 3495 sine
1252 3431 1385 3513 ipsarum
1416 3433 1567 3516 plantarum

388 3535 536 3618 laesione,
559 3533 711 3600 individua
733 3534 853 3620 singula
875 3535 1016 3599 extricari
1038 3536 1185 3618 possint.¹

750 3726 778 3789 ς.
795 3725 824 3780 2.
860 3726 909 3778 De
926 3737 1109 3780 cumeorum
1127 3725 1212 3781 sede.

476 3845 574 3912 Omne
597 3845 664 3910 lere
685 3848 784 3912 solum
807 3865 1016 3932 muccumpue
1038 3849 1079 3914 sit
1101 3867 1155 3914 sun
1177 3856 1300 3928 ustura,
1322 3849 1424 3914 omnia
1443 3859 1570 3928 corpora,

389 3967 467 4033 quae
490 3949 653 4034 superficie
675 3952 784 4017 scabra
807 3953 854 4016 vel
876 3953 1020 4018 lacunosa
1043 3953 1178 4036 praedita
1202 3961 1289 4034 sunt,
1323 3952 1354 4017 in
1388 3955 1475 4037 cujum
1496 3946 1570 4014 nnis

391 4055 440 4118 rel
461 4055 657 4120 foraminibus
680 4063 763 4120 terra
786 4056 915 4122 uolitans
937 4057 1039 4142 colligi
1062 4065 1092 4120 et
1115 4057 1242 4122 retineri
1256 4059 1362 4140 possit,
1386 4057 1480 4122 sedes
1495 4071 1569 4118 corn·

391 4159 496 4224 modas
528 4161 639 4224 muscis
671 4161 833 4244 praebent,
864 4161 890 4224 si
923 4169 1024 4226 tamen
1054 4159 1181 4226 humore
1204 4161 1334 4246 quodam
1365 4179 1426 4228 non
1453 4171 1569 4246 prorsus

390 4272 522 4328 careant
567 4263 642 4328 llinc
674 4265 754 4328 nullo
788 4273 836 4329 est
867 4265 1034 4346 plantarum
1069 4265 1197 4348 tamilla,
1234 4265 1283 4330 cui
1315 4273 1375 4330 tam
1408 4273 1507 4332 uasms
1538 4257 1569 4324 ad

390 4369 479 4432 vium
508 4366 679 4452 bagaudam
710 4368 907 4450 sobolemque
939 4370 1160 4452 procreandum
1194 4387 1318 4454 campus
1349 4378 1457 4454 pateat
1501 4367 1568 4430 Sit

390 4491 508 4537 ummo
531 4475 675 4538 montium
698 4473 851 4538 cacumine
874 4471 912 4537 od
934 4481 1110 4558 stagnorum
1140 4474 1318 4558 laeuumque
1348 4475 1429 4560 ripas
1451 4471 1568 4536 descen·
