3434 5372
590 409 758 464 Introductis.
1127 422 1132 434 ·
1182 405 1265 462 xcxi

93 582 187 664 Bryon
208 589 425 664 torqnesoens,
446 601 523 666 cop,
700 582 955 647 Homalothecinm
976 583 1141 663 sericeum,
1164 600 1231 665 cop.

205 694 395 770 argenteum.
699 686 954 770 Gamptotheeium
976 705 1110 751 aureum.

95 791 189 854 linium
212 790 410 873 cuspidatum.
697 791 973 874 Rhynchostegium
995 790 1149 871 tenellum,

95 895 275 976 Poiytriohnn
297 895 459 976 piiiierum,
827 896 1018 975 ruseiiorme,
1041 901 1114 957 ster.

200 1002 418 1083 y'uniperiuum.
699 1001 872 1063 Thamnium
895 1001 1058 1082 alopecur,
1081 1006 1156 1062 ster.

98 1105 231 1187 dryphaea
254 1103 463 1184 heteromaiia,
486 1123 545 1167 rar.
698 1105 948 1186 Brachytheeium
969 1103 1088 1166 rutahul
1099 1148 1109 1184 ,
1133 1103 1239 1184 sterih,

96 1208 231 1289 heptodon
255 1208 382 1288 Smithii.
828 1209 994 1273 veintinum
1016 1226 1077 1271 var.

93 1313 222 1376 ishronia
245 1312 366 1393 pusilla,
389 1331 449 1376 rar.
700 1315 837 1398 Hypnum
860 1311 1106 1394 cupressiforme,
1129 1329 1201 1392 rar,

91 1415 237 1480 [eamden
261 1415 446 1497 soiuroides,
470 1434 529 1483 rar.
829 1415 979 1497 hiicinum,

95 1520 497 1602 hutihiehiacurtipenduia,
693 1546 696 1552 ·
826 1526 1048 1598 commutatum,

202 1645 266 1688 var.
291 1626 414 1705 merid,
436 1643 493 1688 rar.
830 1624 1069 1707 polymorphurn,

104 1728 288 1812 monium
311 1729 440 1812 gracile,
464 1737 537 1793 ster.
830 1728 1017 1808 molluscum,
1042 1735 1126 1806 ster,

166 1835 244 1898 ttora
273 1833 452 1916 hryoiogica
479 1834 639 1915 Hispaniae
670 1832 875 1896 meridionalis
909 1833 1065 1895 maximam
1103 1829 1269 1915 analogiam

99 1955 151 2000 cun
172 1939 215 2001 iila
238 1938 369 2000 Africae
393 1939 639 2021 septentrionalis
661 1937 803 2020 praehet,
827 1943 858 1999 et
879 1938 929 1998 vix
952 1936 1042 1999 dubie
1071 1943 1121 1999 est
1149 1937 1269 2018 species

95 2041 183 2104 irhoc
204 2051 305 2106 tractu
327 2042 508 2106 observatae
533 2043 622 2105 etiam
645 2041 677 2104 in
699 2041 748 2103 ilio
771 2057 826 2126 pro
848 2058 955 2124 magna
977 2047 1063 2121 parte
1085 2041 1254 2122 provenire.

789 2583 807 2618 S

542 2678 646 2766 Pana
670 2677 811 2764 tortia.

480 2871 679 2959 thuscorum
705 2877 876 2978 systema

166 3085 307 3149 Nostrum
330 3101 394 3148 nnn
417 3090 466 3146 est
486 3085 516 3148 in
538 3085 595 3149 hoo
616 3084 718 3151 libello
734 3086 907 3168 systematis
923 3081 1091 3166 bryologici
1114 3079 1267 3144 historiam

105 3191 218 3271 metare,
242 3189 301 3252 sed
324 3189 407 3254 haud
429 3189 543 3252 inutilis
566 3191 717 3254 videbitur
739 3192 887 3272 expositio
910 3195 1116 3271 systematum,
1139 3202 1268 3268 quorum

109 3305 182 3372 tm,
201 3293 437 3377 hedwigianum
460 3293 594 3374 cilicet,
624 3293 805 3412 Bronogiae
828 3293 1019 3358 fundamenta
1042 3293 1135 3376 prima
1158 3290 1270 3373 posuit,

114 3399 176 3472 dats
192 3399 322 3463 alterurn
345 3415 363 3459 a
385 3396 534 3478 Bridelio,
563 3398 710 3482 iiedwrpii
738 3399 866 3480 vestigia
899 3397 947 3461 hio
977 3397 1038 3461 illic
1066 3396 1270 3477 relinquente,
1307 3425 1312 3435 ·

115 3499 242 3584 mitum,
268 3499 445 3566 methodum
466 3501 547 3564 illam
569 3503 665 3586 magis
689 3503 855 3564 naturalem
878 3502 1024 3581 instituit,
1049 3517 1136 3583 qnam
1158 3498 1217 3581 ipsi
1240 3499 1270 3560 in

113 3598 241 3692 incepta
284 3613 393 3671 nostra
439 3623 589 3688 europaeo
630 3609 728 3670 secuti
768 3623 872 3670 sumus
914 3615 945 3670 et
987 3608 1019 3670 in
1047 3605 1177 3687 synopsi
1215 3602 1271 3666 hac

110 3709 182 3788 mgis
211 3711 374 3794 nagisque
403 3709 560 3774 elaborare
590 3719 681 3793 atque
713 3711 830 3775 firmare
862 3711 1039 3776 studuimus.
1096 3707 1272 3791 systematis

107 3816 266 3878 mentieris
300 3833 317 3877 a
349 3814 420 3878 clar.
454 3813 486 3877 C.
520 3815 653 3894 huma,
690 3817 721 3877 in
758 3817 893 3897 Syoopsi
927 3834 1101 3880 messorum
1136 3815 1272 3896 frondo-

109 3929 192 3978 tersrr
204 3936 284 3982 anno
302 3916 385 3983 1849
401 3917 493 3999 edita,
516 3919 661 4001 propositi
682 3937 836 4000 summam,
853 3937 908 4002 pro
928 3926 1014 4003 parte
1030 3917 1067 3982 ad
1083 3918 1272 4001 Bryologiam

112 4031 270 4100 europaeam
290 4029 458 4105 spectante,
481 4023 555 4087 dare
576 4023 742 4105 voluimus,
771 4033 804 4087 ut
826 4025 916 4088 tironi
938 4042 1085 4107 generum
1114 4040 1273 4086 nnmerum

117 4123 182 4186 riuis
210 4129 310 4190 forsan
347 4143 491 4211 magnum
531 4127 562 4189 in
591 4129 727 4210 synopsi
766 4137 870 4193 nostra
911 4129 1097 4213 propositum
1137 4127 1273 4191 horrenti

119 4221 217 4294 hmine
238 4231 358 4314 optandi
381 4231 420 4294 sit
442 4232 523 4294 inter
538 4231 720 4312 methodum,
744 4233 810 4296 ioco
826 4252 973 4316 generum
988 4233 1171 4318 suhgenera,
1195 4233 1270 4296 divi-

122 4329 215 4414 tiores,
238 4335 459 4400 subdivisiones
482 4343 514 4399 et
544 4338 695 4400 sectiones
725 4339 950 4419 instituentem,
982 4346 1071 4421 atque
1100 4337 1271 4400 methodum

125 4447 266 4502 meteres
286 4443 450 4524 genericos
473 4439 511 4504 ad
533 4458 664 4525 unguem
686 4443 882 4526 castigantem
907 4443 1137 4525 memoriaeque
1158 4439 1272 4504 refrac-

125 4540 195 4604 hriae
214 4545 327 4608 nonina
350 4547 476 4610 barbara
498 4545 654 4607 innumera
677 4547 886 4629 imponentem.
