3104 5368
458 324 597 394 Bryscaac.
1061 319 1123 382 481

3 519 60 562 ana
83 517 188 583 usque
211 501 242 562 in
265 499 483 583 supraalpinum
515 498 667 578 ascendit3
706 499 771 562 loca
802 501 931 564 obscura
955 501 984 562 in
1010 499 1123 581 cryptis

0 604 46 665 ub
69 604 202 685 rupibus
225 605 441 684 praecaeteris
457 611 545 666 amat.
568 603 665 673 Etiam
681 603 710 664 in
726 604 866 666 Amorion
881 612 958 686 sept.
974 606 1121 685 provenit.

9 709 111 770 Fruct.
137 715 252 770 molor.
276 714 400 771 aestate.
445 707 591 790 Capsulas
614 711 770 786 vetustae,
801 716 937 772 maturae
966 716 998 771 et
1019 710 1125 771 imma·

1 831 7 868 e
29 811 141 873 eodem
168 818 308 892 tempore
330 811 553 894 reperiuntur..

346 1000 375 1068 t.
403 997 525 1069 llunla
546 999 711 1069 insulsos

385 1141 472 1194 sno.
491 1142 569 1210 spo.
588 1141 666 1195 um.

11 1260 218 1323 Praecedente
242 1262 350 1325 elatior
374 1270 404 1325 et
426 1263 588 1325 robustior.
633 1263 715 1325 Folia
738 1280 756 1324 o
778 1259 843 1323 basi
859 1259 947 1323 latius
963 1261 1125 1344 raginonte

1 1362 252 1426 olio-lutescente
275 1365 394 1446 paulum
416 1365 567 1443 breviora,
590 1365 752 1443 solidiora,
777 1364 913 1427 siccitate
936 1366 1123 1446 marginibus

1 1484 22 1526 is
43 1467 154 1528 inflexa
179 1467 343 1548 minusque
364 1475 497 1546 curvata,
519 1465 803 1531 lutescenti·viridia
827 1466 988 1531 subnitida.
1027 1468 1123 1530 Flosis

2 1570 47 1630 uli
68 1571 139 1633 lolia
165 1571 366 1656 perigonialia
388 1572 509 1655 longius
530 1573 702 1657 vap’nanlia
730 1573 814 1653 apice
836 1573 985 1654 putentia,
1017 1573 1122 1635 antbe-

36 1675 124 1737 multo
164 1676 307 1758 longiori
345 1677 466 1740 brevius
503 1676 689 1758 pedicellata.
735 1675 861 1757 Capsula
900 1676 930 1737 in
976 1675 1125 1758 pedicello

1 1776 59 1837 iore
80 1776 293 1857 horizontalis,
317 1798 335 1840 e
358 1779 437 1842 collo
452 1779 641 1864 longiusculo
657 1781 903 1862 ovato-oblonga,
925 1781 1125 1859 rulo-striata,

2 1878 63 1958 lior,
86 1883 166 1943 sicca
192 1890 319 1944 castata.
365 1882 546 1964 operculum
572 1883 630 1944 alte
652 1899 839 1960 convexum,
879 1883 995 1944 verlice
1019 1883 1126 1964 papilla

1 1992 116 2060 ructum,
141 1992 281 2047 saturato
304 1987 481 2047 curantium.
526 1986 696 2049 Peristomii
720 1983 827 2047 dentes
851 1986 1026 2071 longiores,
1059 1987 1126 2048 cilia

2 2086 103 2166 stolata,
125 2088 207 2150 baud
234 2089 469 2170 appendiculata.
514 2087 614 2169 Bryol.
637 2105 702 2149 eur.
725 2086 774 2168 tv,
798 2087 868 2150 'l'ab.
887 2086 960 2153 408.

1 2211 144 2271 nustrioro
168 2217 281 2272 trunco
297 2210 423 2292 simplici
440 2217 554 2288 erecto,
581 2208 660 2273 loliis
683 2227 701 2270 e
724 2209 789 2271 basi
812 2209 1041 2272 membranacea
1065 2196 1126 2271 amss

59 2311 217 2389 plexicauli
242 2311 395 2375 imbricata
427 2314 535 2392 patulis
558 2313 704 2390 serratis,
736 2312 908 2392 sporangiis
937 2313 1122 2391 nutantibus,

57 2414 198 2493 operculo
223 2431 362 2477 convexo
385 2414 534 2495 papillato.
567 2415 668 2478 llaow.
693 2416 742 2494 Sp.
768 2414 861 2479 llusc.
885 2433 913 2495 p.
941 2411 1012 2491 176,
1036 2423 1056 2479 l.
1072 2413 1128 2478 42.

2 2513 130 2584 leuinnna.
162 2518 267 2600 Suppl.
314 2519 396 2580 Was.
430 2526 461 2581 et
489 2520 572 2583 llonn
605 2519 638 2582 B.
671 2519 703 2582 T.
751 2519 903 2580 wolon.
939 2518 1017 2582 Flor.
1051 2519 1128 2600 lapp.

60 2619 184 2684 llssscsn
209 2623 372 2685 Commeat
395 2624 433 2684 cle
460 2624 596 2687 l'immio.
640 2621 719 2686 Bnio.
742 2620 842 2701 Bryol.
873 2623 954 2684 univ.
1001 2622 1045 2683 lis
1067 2621 1127 2685 No·

58 2743 131 2786 onais
155 2727 228 2809 sytl.
275 2726 361 2788 lisca.
393 2734 424 2787 et
454 2727 518 2788 Sos.
550 2726 650 2807 Bryol.
683 2743 749 2788 eur.
794 2724 827 2786 0.
852 2724 968 2787 Mbsssn
999 2716 1127 2807 Syno'ps.

59 2825 159 2894 iliam
184 2829 300 2894 Skand.
323 2830 365 2890 ΡΙ.
410 2830 533 2892 Wrcsou
555 2829 654 2910 Bryol.
677 2827 749 2892 Brit.

31 2944 116 3009 llcbit.
150 2951 180 3013 in
208 2949 355 3012 Austriae
388 2969 426 3012 m.
459 2951 651 3031 Scbnceberp
683 2949 733 3011 ubi
771 2949 808 3013 cl
838 2949 961 3012 Fniiucu
997 2948 1126 3035 delexit,

7 3048 83 3109 torum
103 3051 132 3112 in
153 3053 308 3134 sylvatlcis
326 3054 490 3135 umbrosis,
512 3055 542 3116 in
558 3051 763 3134 crepidinibus
778 3052 944 3116 rivulorum
963 3060 1127 3133 portatum

9 3160 42 3206 nn
60 3151 177 3232 alpinum
208 3164 270 3218 tam
304 3157 511 3236 germanicum
541 3175 629 3238 quam
659 3156 855 3238 helveticum,
889 3157 919 3217 iu
952 3156 1127 3235 Pyrenaeis,

11 3248 100 3332 tennis,
129 3258 156 3319 in
188 3258 357 3340 llercynia,
392 3261 421 3321 in
452 3259 606 3323 Britannia
635 3260 687 3322 ubi
716 3259 849 3338 sterilis,
883 3260 912 3320 in
942 3259 1072 3320 Sueciuc
1096 3264 1129 3318 et

13 3358 99 3434 legiae
119 3378 174 3422 nec
205 3380 270 3424 non
299 3362 469 3444 lapponiae
499 3362 677 3445 depressis,
712 3365 860 3427 montanis
889 3367 920 3424 ct
947 3359 1127 3440 subalpinis,

41 3456 90 3519 lim
110 3467 311 3542 praecedente
341 3466 434 3528 multo
462 3467 571 3529 rarior.
617 3465 819 3530 Pulcherrime
842 3473 874 3529 et
900 3464 973 3527 salis
996 3464 1129 3543 copiose
1190 3454 1193 3459 “

33 3557 120 3625 alesine
141 3566 266 3650 Alpibus
291 3570 462 3633 observavi.

20 3660 120 3763 ,Froot
140 3679 246 3735 matur.
271 3681 400 3735 aestate.

21 3773 23 3784 ¹
46 3781 164 3853 iturorum
179 3810 196 3845 ι
217 3795 248 3845 l’.
269 3795 468 3862 memolitm
496 3810 547 3846 non
572 3794 655 3847 solum
680 3796 766 3848 bsbitu
790 3792 930 3847 robustiore
955 3800 981 3841 ct
1004 3789 1135 3844 caulibus

53 3866 106 3933 buc,
132 3876 172 3928 recl
194 3881 270 3933 etium
297 3879 415 3932 loliorum
440 3879 529 3931 colore
555 3880 691 3947 pallidiora
719 3883 750 3934 ad
773 3882 845 3933 basin
868 3878 984 3930 latiorem
1011 3876 1134 3944 pulchro

54 3962 92 4014 nto,
107 3963 243 4019 antberidiis
255 3966 339 4020 multo
350 3967 509 4036 longioribus
522 3967 627 4020 brevius
640 3969 809 4036 pedicularis,
828 3964 950 4033 capsulas
964 3963 1135 4031 longicollus
1194 4010 1195 4017 ,

53 4032 73 4130 ¹¹⁰
86 4058 170 4113 “mter
186 4054 349 4123 papilligero,
368 4055 508 4122 peristomii
528 4054 646 4107 dentibus
664 4055 831 4124 longioribus,
849 4053 916 4106 ciliis
933 4050 1000 4102 band
1018 4066 1135 4117 appear·
