3310 5368
631 351 795 418 llppnacaae.
1208 320 1209 323 Ἴ
1245 350 1308 412 583

113 523 383 607 arcuato-oblonga
406 531 438 587 et
452 523 790 606 arcuato-cylindracoa,
815 526 907 589 dilutc
923 525 1043 590 undem
1060 525 1305 611 lusco-aurantia,

112 629 196 693 sicca
228 628 287 692 sub
321 645 376 692 ore
408 626 560 712 paululum
591 629 763 694 conmissa.
809 629 990 712 Operoulum
1013 633 1305 714 tumido-conicum,

112 733 301 816 apiculatum.
346 733 515 797 Peristomii
537 732 645 798 dentes
668 717 778 818 pallidi,
802 751 966 815 processus
990 736 1020 798 in
1042 738 1145 801 carina
1160 738 1305 814 lacuposi.

112 837 212 920 Bryol
235 855 300 900 aur.
325 839 360 918 ll,
384 836 453 903 Tab.
471 835 544 902 501.

111 961 193 1044 Hyp.
219 959 450 1044 denticulobam,
483 961 654 1043 pinnatum,
688 959 819 1042 pinnulis
843 961 1011 1044 duplicibus
1033 965 1181 1028 recurvis.
1227 964 1304 1027 Duc.

243 1061 317 1126 llist.
342 1063 435 1128 Musa.
459 1084 487 1148 p.
511 1061 585 1146 266,
609 1072 629 1126 t.
654 1061 707 1145 34,
732 1065 752 1128 Ι.
775 1064 803 1129 5.

156 1169 239 1231 Lrnn.
263 1169 350 1250 Spec.
383 1168 423 1234 Pl.
450 1165 541 1233 1588.
588 1167 689 1232 llsow.
721 1167 813 1232 blusc.
844 1168 941 1232 irond.
986 1170 1064 1236 Raro.
1097 1169 1195 1253 Brpol.
1226 1173 1305 1236 univ.

243 1273 287 1336 Da
310 1269 438 1338 Nornats
462 1271 533 1353 Syl.
579 1271 715 1336 Hnarma
748 1273 858 1338 Slrand.
888 1273 929 1336 ΡΙ.
975 1273 1006 1338 C.
1032 1273 1146 1338 lituum
1178 1277 1304 1358 Synops.

241 1382 322 1452 (curn
345 1377 391 1438 ΡΙ.
413 1377 589 1458 sylvatico).
627 1375 749 1440 Wrcsou
771 1376 872 1459 Bryol.
894 1377 965 1440 brit.

109 1484 180 1546 Ver.
196 1485 226 1560 β.
243 1481 393 1561 tcaellom,
416 1478 511 1544 forma
533 1478 659 1544 normali
684 1483 792 1560 minus,
810 1479 888 1545 loliis
905 1481 1139 1567 angustioribus,
1158 1481 1303 1567 oblongo·

240 1583 426 1664 lanceolatis,
449 1582 571 1668 longius
595 1561 729 1648 et‘acute
745 1586 910 1649 aominatis.
943 1585 991 1652 Br.
1009 1603 1072 1648 eur.
1088 1587 1124 1665 V,
1142 1585 1213 1651 l'ab.
1229 1587 1301 1650 502.

108 1689 364 1774 vamplenam,
399 1687 479 1751 loliis
503 1687 599 1750 minus
621 1689 783 1770 consertis,
808 1689 1116 1773 erecto-patentibus,
1150 1691 1199 1752 vin
1222 1709 1302 1754 corn-

241 1791 377 1876 planatis,
402 1789 583 1873 minoribus,
610 1794 851 1877 angustioribus,
875 1797 934 1860 late
957 1795 1149 1877 lanceolatis,
1181 1795 1303 1878 capsula

241 1896 418 1976 suberecta,
442 1893 512 1958 ibid.

107 2006 178 2066 Van.
195 2005 222 2066 d.
239 2002 374 2080 masuam
397 1997 740 2083 dense'caespitosum,
764 2005 849 2066 caule
872 2005 1024 2086 ramisque
1048 2005 1159 2067 erectis
1182 2003 1301 2066 brevio-

238 2103 333 2183 ribus,
357 2101 436 2165 iobis
459 2099 556 2164 dense
578 2103 735 2188 contenis,
758 2107 1135 2192 complanato-imbricatis,
1166 2109 1300 2190 inaequi-

240 2207 478 2288 laterali-ovatis,
502 2208 668 2292 spiculatis,
691 2212 809 2295 apiculo
824 2230 964 2294 recurvo,
990 2212 1110 2296 capsula
1128 2213 1300 2290 suberecta,

239 2312 317 2377 ovali
338 2311 387 2376 uel
410 2312 551 2397 oblonga,
575 2316 719 2397 operculo
741 2316 927 2395 acuminato;
951 2315 1021 2380 ibid.
1300 2388 1303 2398 ,

105 2425 176 2486 Var.
194 2443 218 2486 s.
234 2437 384 2502 maurum,
402 2418 569 2500 parvulum,
585 2417 980 2502 demisso-caespitulosum,
996 2419 1088 2482 ramis
1104 2419 1299 2503 subjulaceis,

236 2520 316 2587 toliis
338 2522 519 2604 imbricatis,
552 2523 866 2603 ovato-lanceolatis,
889 2523 1050 2604 concavis,
1085 2524 1206 2608 capsula
1230 2524 1299 2588 sub·

231 2633 349 2710 erecta3
372 2624 444 2689 ibid.

189 2749 292 2815 llobit.
315 2749 346 2811 in
384 2747 476 2829 sylvis
504 2746 540 2812 ad
569 2755 692 2815 truncos
724 2748 878 2833 putridos,
912 2748 1010 2813 rarius
1042 2748 1080 2813 ad
1110 2757 1221 2813 terram
1252 2751 1300 2814 uel

98 2873 196 2938 rupes
218 2871 275 2937 per
302 2859 394 2917 totam
409 2853 570 2935 Europam,
594 2871 687 2918 zonas
705 2853 912 2918 intermediam
930 2861 1019 2936 atque
1035 2855 1299 2936 septentrionalem

100 2957 342 3044 praedilectans3
367 2974 429 3020 var.
441 2961 471 3034 β.
486 2964 518 3020 et
528 2982 553 3039 y.
566 2957 603 3021 ad
614 2964 739 3022 truncos
756 2956 891 3041 dejectos
908 2965 939 3020 et
954 2957 1065 3040 stirpes
1079 2958 1299 3039 decompositas

99 3063 240 3149 regionis
266 3060 459 3143 subalpinae3
483 3079 545 3124 var.
562 3063 589 3125 d.
602 3069 635 3125 et
649 3084 672 3126 a.
688 3061 718 3123 in
735 3063 852 3143 rupium
876 3061 993 3124 iissuris
1017 3061 1053 3124 ad
1076 3061 1169 3125 latera
1187 3062 1298 3126 uiarum

101 3185 242 3233 cavarum
265 3173 389 3249 petrosa
414 3164 552 3248 regionis
575 3165 751 3248 subalpinae
773 3172 804 3228 et
826 3165 952 3248 alpinae.

189 3273 292 3334 uacca.
317 3276 428 3332 matur.
453 3287 528 3333 vere
551 3276 583 3332 et
604 3275 736 3348 aestate,
769 3269 799 3330 in
823 3267 929 3352 alpinis
953 3274 1120 3332 auctumno.

174 3391 264 3446 Planta
281 3407 356 3463 quam
376 3391 486 3444 maxime
504 3389 686 3459 polymorpha,
712 3406 779 3442 nunc
798 3388 1007 3443 2-3-uncialia
1026 3403 1092 3458 vaga
1110 3397 1234 3457 prostrata
1253 3389 1297 3441 ΡΙ.

103 3479 239 3549 aytaattcc
256 3477 399 3544 simillima,
424 3493 492 3530 auno
510 3479 553 3530 via
570 3477 681 3530 uncialis
699 3486 785 3528 erecta
804 3476 883 3530 danae
903 3477 1019 3530 couiarta
1037 3474 1152 3529 habitum
1169 3476 1214 3529 ΡΙ.
1232 3477 1298 3529 lacti

104 3567 251 3632 aemulans,
278 3581 346 3618 uuna
369 3565 471 3618 tandem
500 3566 541 3617 ΡΙ.
560 3563 677 3616 aitidaalo
699 3565 741 3616 vix
759 3563 840 3630 majus
858 3572 885 3616 et
903 3565 1037 3618 teneritate
1054 3564 1165 3616 omnium
1180 3565 1288 3632 partiam

104 3658 128 3707 ei
149 3671 228 3724 propa
250 3653 387 3708 accedant.
423 3651 578 3720 Aplurimia
597 3651 743 3704 auctoribua
762 3668 820 3704 cum
839 3651 882 3702 ΡΙ.
901 3651 1034 3718 aptacttcc
1052 3660 1221 3718 commutata,
1247 3666 1297 3720 quo

104 3745 131 3795 bt
149 3752 176 3794 ut
195 3741 343 3808 synonymia
362 3739 436 3793 valde
454 3739 564 3792 obscura
582 3748 608 3790 et
626 3739 668 3790 uix
687 3738 828 3790 delinienda
848 3739 893 3804 sit3
920 3735 995 3790 floras
1024 3749 1153 3791 caeterum
1179 3738 1297 3803 monoici,

105 3827 224 3882 loliorum
243 3834 297 3879 reta
317 3827 457 3894 angustius,
477 3825 627 3894 operculum
647 3825 714 3877 baud
733 3832 876 3892 rostratam,
895 3825 1054 3893 annulnsque
1079 3839 1094 3874 a
1117 3825 1211 3893 triplici
1230 3826 1296 3877 saria

104 3913 257 3968 cellularum
275 3913 440 3981 compositus,
460 3909 583 3965 habitatio
603 3911 699 3964 tonnae
718 3909 838 3964 nonnalia
856 3911 889 3964 ad
900 3911 969 3980 ligna
982 3912 1164 3980 putrescentia,
1181 3913 1295 3981 spacium

104 4002 213 4073 pulchra
231 4001 396 4067 distinguunt.
