3140 5372
361 407 421 470 524
478 431 483 462 t
871 413 1033 481 llypuaceae.

361 589 544 654 lsotltecium
574 590 734 671 clapsum
765 589 874 656 smum
907 588 938 650 in
966 587 1059 650 llusc.
1089 586 1196 669 Pyreu.
1228 591 1260 648 et
1288 585 1400 669 lingas
1425 583 1454 646 ui
1475 581 1530 644 liu.

363 690 769 880 ortholaflelkwlffim
791 797 852 890 liu.¹
866 805 897 861 el
920 797 985 862 Sca.
1007 795 1107 878 Brycl
1130 813 1196 860 cur.

448 922 551 985 liubit
576 922 607 984 in
630 921 747 1004 rupium
770 920 886 983 fissuris
910 921 1045 984 irroratis
1075 938 1131 1002 per
1158 926 1254 982 totum
1276 918 1395 1000 Alpium
1415 923 1535 979 unctu.

362 1044 418 1108 per
439 1025 557 1090 Jurassi
587 1026 748 1105 convallia,
787 1026 817 1088 in
845 1026 1028 1107 Pyrenaeis,
1067 1027 1100 1087 in
1131 1025 1251 1088 Scotiac
1282 1029 1315 1086 et
1339 1020 1538 1086 manniam

362 1130 479 1212 alpinis,
502 1131 533 1193 in
557 1130 688 1211 Sudetis,
712 1131 847 1213 Carpatis
871 1139 928 1196 etc.
974 1129 1117 1196 Calcarca
1140 1135 1307 1212 praeoptat

450 1237 552 1298 Fruct.
577 1245 688 1300 matur.
712 1235 808 1316 Julic,
832 1235 981 1319 Augusto.

322 1355 326 1366 '
434 1357 524 1410 Planta
541 1359 674 1426 speciosa,
703 1357 859 1426 caespitibus
883 1356 990 1426 pulchre
1015 1353 1329 1436 semeso-miescqutibus
1346 1351 1539 1406 tumutilsus

363 1444 439 1498 caule
464 1445 609 1502 dictaturae
637 1446 720 1499 diuiso
748 1455 876 1498 caeterum
902 1443 1061 1512 subsimplici
1088 1444 1211 1512 insignes.
1249 1441 1278 1494 lu
1302 1441 1407 1510 rupibus
1433 1441 1540 1492 mmm

364 1549 440 1586 secus
459 1542 600 1586 catamctas
617 1533 712 1604 ubique
732 1534 786 1586 tere
804 1534 831 1584 in
848 1532 1008 1602 iuiraalpiuis
1027 1534 1161 1602 reperitur.

727 1724 755 1792 3.
785 1722 1005 1794 tattcttcctu
1031 1723 1195 1807 chrysen.

768 1881 834 1950 llpp.
852 1881 987 1950 chryseum
1007 1881 1151 1935 Smwam.

451 2020 606 2102 Guespites
629 2019 831 2104 pulcherrime
862 2019 1150 2103 chryseo-viridas,
1182 2019 1283 2084 nitore
1314 2017 1545 2080 sericeo-aureo

362 2124 515 2187 micantes.
546 2124 647 2188 Cauiis
662 2132 783 2188 erectus
793 2126 841 2188 vel
855 2125 1036 2205 ascendens,
1053 2125 1182 2208 simplex
1197 2126 1245 2188 vel
1261 2125 1306 2186 bi·
1323 2159 1364 2170 -
1379 2123 1544 2203 tripartitus.

365 2228 429 2292 sola
453 2228 551 2292 intima
575 2230 640 2292 basi
662 2231 805 2293 radiculis
829 2231 931 2313 paucis
955 2233 1129 2295 instructus.
1166 2230 1247 2294 Folia
1270 2228 1418 2306 conlecta,
1443 2233 1546 2288 erecte

362 2334 493 2417 patentia
511 2334 645 2399 siccitate
663 2335 886 2416 subimhricatu,
911 2337 1025 2417 stricte,
1048 2335 1215 2400 lanceolata
1232 2342 1264 2398 et
1279 2331 1545 2398 cmtnlaucectata

361 2437 639 2520 brevi-apiculam,
670 2457 822 2521 concava,
854 2439 1003 2522 profunde
1036 2440 1167 2518 sulcata,
1198 2436 1389 2502 nitidissima.
1434 2433 1545 2517 Capsuln

362 2557 495 2622 cernua,
520 2545 792 2628 ovato-oblonga,
825 2544 968 2627 cpeaculc
991 2562 1146 2626 convexo,
1169 2543 1334 2626 spleniato,
1357 2541 1469 2604 cuculo
1490 2541 1545 2602 nu

362 2645 530 2710 Peristomii
554 2646 663 2713 dentes
685 2649 1029 2729 lanceolam-subulam,
1054 2649 1119 2714 basi
1141 2646 1315 2711 membrana
1337 2644 1477 2728 capsulae
1499 2643 1544 2704 om

363 2750 460 2814 licium
483 2761 661 2836 emergente
690 2754 819 2835 sullulti,
856 2755 981 2819 densius
1012 2755 1176 2832 articulati,
1210 2753 1421 2828 lutescentes,
1452 2751 1544 2812 intem

365 2855 537 2921 membrana
561 2856 683 2922 basilari
705 2857 741 2922 ad
759 2857 876 2922 medios
893 2859 1001 2923 dentes
1017 2859 1172 2942 producta,
1196 2857 1226 2920 in
1242 2873 1409 2939 processus
1426 2853 1559 2952 integrm,

228 3010 230 3016 .
365 2958 505 3040 perlecta
528 2959 702 3026 efformatcs
724 2964 882 3042 continua,
907 2963 1012 3028 ciliclis
1035 2961 1205 3046 interjectis
1226 2960 1337 3025 binatis
1361 2957 1559 3024 breviarii&

364 3063 463 3146 Bryol.
488 3081 553 3128 eur.
578 3067 613 3146 V,
638 3064 709 3130 Tali.
725 3065 799 3131 465.
1558 3011 1559 3088 1

366 3187 509 3270 lippeam
533 3188 696 3269 chryseon,
720 3191 806 3254 caule
829 3196 981 3272 prostrato
1002 3207 1106 3272 parum
1122 3205 1254 3269 ramoso,
1278 3187 1362 3252 loliis
1377 3187 1544 3252 clamatum

497 3291 609 3354 strictis
624 3291 992 3375 lanceolam-acuminatis,
1008 3295 1173 3377 sporangio
1187 3293 1375 3358 mulcemus.
1399 3295 1541 3356 &nim

495 3396 527 3459 in
550 3397 691 3459 Scuuuss
713 3396 805 3461 licise
828 3399 883 3462 aul
900 3398 960 3462 den
983 3397 1136 3463 Glcckner
1157 3397 1193 3479 ll,
1216 3417 1245 3480 p.
1269 3395 1344 3464 364.

365 3501 398 3564 C.
421 3500 536 3566 Mnus
560 3501 688 3582 synope.
711 3519 750 3565 ex
771 3510 866 3586 parte.

366 3605 482 3688 Lealteu
505 3605 661 3686 resecem
683 3622 746 3670 var.
770 3607 901 3688 chrysea
922 3607 1002 3671 Banu.
1026 3605 1126 3689 Brpcl.
1149 3607 1230 3672 uain.

366 3710 510 3791 liypuum
528 3711 687 3791 rufescens
708 3709 802 3773 lloou.
819 3718 849 3773 et
865 3711 956 3776 Wns.
973 3712 1003 3774 in
1018 3711 1181 3774 ulmum
1197 3711 1290 3775 llusc.
1309 3731 1406 3776 amer.
1420 3711 1470 3776 lic.
1484 3707 1533 3770 22¹

367 3813 550 3877 leotlecium
573 3815 783 3877 aureo-nitens
806 3815 854 3876 W.
877 3815 907 3880 P.
930 3815 1028 3878 Scaea.
1052 3821 1102 3879 mt.

368 3917 594 3981 Ortlotteciam
616 3917 776 4000 clryeeum
797 3917 848 3982 Bc.
872 3925 904 3982 et
928 3921 991 3986 Sca.
1013 3899 1113 4000 lirpcl.
1136 3935 1200 3984 eur.

367 4021 484 4086 Leslec
506 4024 636 4104 chrysea
659 4021 774 4100 (lisca.)
797 4023 932 4088 limum
956 4021 1066 4089 stant.
1088 4023 1131 4086 ll.
1156 4023 1204 4086 ed.
1230 4020 1260 4086 6.

455 4145 560 4208 sacta
583 4147 614 4207 in
637 4145 755 4228 rupium
779 4145 897 4210 fissuris
920 4163 1102 4210 summarum
1125 4145 1262 4228 Alpium:
1293 4145 1326 4208 in
1349 4146 1424 4230 Alpe
1446 4145 1542 4206 Grau·

366 4249 515 4330 plcclmer
538 4248 707 4314 Curiuthiae
730 4250 781 4314 ubi
803 4251 839 4315 cl.
864 4251 1006 4314 Scamms
1037 4249 1152 4312 detexit
1181 4257 1213 4312 et
1240 4251 1344 4313 seritis
1366 4249 1531 4314 ilesunc

365 4355 461 4419 licam
484 4361 514 4417 et
537 4354 614 4418 Fusa
635 4355 794 4439 legerunt,
826 4355 855 4416 in
884 4355 960 4437 Alpe
992 4353 1173 4435 Docresjeld
1200 4353 1376 4437 Neruegiac
1397 4353 1530 4424 (Luam
1556 4437 1557 4440 Ἴ

367 4459 399 4523 0.
423 4465 454 4522 et
476 4457 510 4520 R.
534 4457 693 4538 mama),
718 4460 747 4520 in
771 4457 959 4522 Finmarliiae
983 4457 1078 4521 insula
1104 4457 1252 4521 armoe
1276 4457 1411 4533 (Bam).
1434 4461 1460 4520 iu
1481 4455 1527 4516 tte

363 4563 474 4646 jedalia
499 4572 530 4627 et
552 4563 700 4644 Lappcuia
724 4563 878 4638 (Faustum
901 4570 932 4626 et
953 4563 1121 4642 Linummc),
1145 4563 1176 4625 in
1201 4563 1334 4628 sueciae
1358 4563 1432 4646 Alpe
1446 4565 1527 4624 sm
1556 4621 1557 4646 ἢ
