3104 5368
464 381 693 436 Busbsumiucese.
1112 379 1173 442 358

16 554 101 616 ailulis
121 555 248 620 aliorum
272 573 459 636 musonium,
483 573 559 637 sque
582 561 701 618 assueta
724 560 938 635 turgescentes
962 556 1047 621 lacilc
1067 557 1176 622 dissol-

16 665 102 720 untur.

380 815 403 880 l.
433 815 619 882 Burnaamle
640 797 777 898 mlyrrs‘

449 1004 454 1012 ,
473 955 571 1007 llauuen
589 955 679 1007 Eoum.

72 1072 205 1136 annulus
228 1074 393 1138 latissimus
416 1077 493 1140 ultra
522 1063 652 1140 medium
686 1077 893 1160 peristomium
924 1077 1076 1139 internum
1106 1095 1175 1158 pro·

18 1183 111 1238 uotum.
156 1177 365 1242 l‘cristomium
390 1187 548 1244 externum
571 1180 686 1243 laciniis
709 1180 826 1264 pallidis
843 1180 1064 1264 irregularibus
1081 1197 1176 1243 onnu-

16 1297 47 1340 m
66 1279 181 1360 prolum
206 1300 365 1366 superous.
411 1283 544 1347 Cuniculo
568 1283 708 1366 capsulae
731 1283 787 1346 sub
811 1283 958 1348 orilicium
987 1283 1085 1346 solute
1108 1290 1177 1366 post

16 1385 112 1464 perculi
133 1385 252 1468 lapsum
277 1385 412 1450 laciniuta
434 1387 570 1450 revoluta
594 1389 738 1458 (annulus
762 1391 880 1462 aucti).
924 1385 1023 1468 Bryol.
1047 1405 1112 1450 eur.
1128 1385 1175 1466 lV,

16 1487 441 1572 mfflmsthMM

16 1611 101 1672 luscos
122 1614 325 1694 capitaneus,
342 1615 493 1696 opnyllue
507 1615 642 1694 capitulo
658 1633 766 1678 crosco
783 1613 909 1676 bicoloi.
932 1609 1021 1674 Buxs.
1042 1610 1127 1674 (lent.
1140 1611 1174 1690 ll,

105 1735 132 1798 p.
161 1714 213 1794 18,
236 1723 256 1780 t.
279 1715 309 1782 4.
354 1718 468 1780 Drusus.
493 1718 567 1780 Hist.
590 1718 629 1780 Μ.
654 1736 681 1798 ρ.
704 1715 779 1795 477,
802 1722 822 1778 t
846 1713 899 1794 58,
924 1715 942 1780 l.
967 1715 996 1778 5.
1174 1771 1179 1782 .

16 1819 173 1882 mummia
204 1821 333 1900 opnpllo
364 1821 475 1884 llamrm
507 1821 582 1884 llist.
612 1823 700 1904 stirp.
732 1819 814 1886 llclv.
859 1820 939 1884 Lino.
971 1819 1100 1884 Dissert.
1135 1818 1173 1882 dc

104 1922 306 1986 Buebcumio
327 1925 358 1987 in
381 1924 508 1988 Amnon.
539 1925 621 1989 acad.
652 1932 684 1988 et
705 1926 736 1988 in
759 1927 849 2008 Spec.
873 1923 913 1985 Pl.
959 1923 1060 1988 Heow.
1085 1923 1173 2006 Spcc.

104 2025 200 2090 Musc.
248 2029 336 2090 Surrn
363 2028 449 2108 Engl.
477 2029 542 2092 Boi.
586 2029 667 2092 Baro.
705 2029 805 2110 Bryol.
838 2028 918 2090 univ.
964 2025 1015 2090 Ba.
1046 2034 1077 2090 et
1109 2028 1174 2090 Seu.
1247 2077 1264 2108 ,

104 2129 205 2211 Bryol.
230 2148 296 2192 eur.
342 2131 386 2194 Do
410 2132 535 2195 Norams
559 2133 629 2215 syn.
676 2133 708 2196 C.
725 2133 840 2195 ntorum
865 2133 992 2214 Synops.
1038 2131 1174 2194 llaaruau

104 2233 219 2296 strand.
244 2233 287 2296 Fl.
333 2233 452 2299 Wnson
474 2235 574 2318 Bryol.
600 2235 671 2298 Brit.

16 2336 74 2399 urb.
96 2339 277 2400 cauksceas
301 2338 439 2400 Seuerum
462 2339 620 2405 Dissertet.
644 2339 681 2402 dc
698 2339 907 2418 umbonem,
931 2337 1050 2422 Erlong.
1081 2335 1175 2416 1758,

101 2459 170 2502 cum
194 2441 335 2504 iconibus
359 2443 493 2523 optimis!

16 2544 208 2622 omophorum
232 2546 388 2626 apnyttom
412 2547 474 2608 Pas.
498 2546 605 2610 Bnauv.
629 2547 728 2610 Prodr.
756 2547 906 2632 Aethcog.

62 2665 163 2728 llolrit.
188 2666 220 2728 in
244 2673 329 2730 terra
351 2667 504 2748 sylvatica‚
527 2669 556 2730 in
580 2669 714 2749 ericetis,
738 2668 774 2732 ad
799 2669 891 2732 latero
915 2668 1041 2732 declivio
1057 2666 1174 2730 viarum

16 2781 114 2832 nomm
137 2789 156 2832 e
180 2771 314 2852 regione
337 2773 497 2855 campestri
518 2789 616 2854 usque
645 2775 676 2836 in
706 2773 834 2856 alpinam
865 2791 920 2854 per
950 2791 1057 2836 zonam
1080 2771 1174 2833 inter-

16 2869 105 2936 trdiam
127 2880 223 2956 etque
247 2876 531 2958 septentrionalem:
555 2877 586 2939 in
607 2875 684 2939 vado
707 2876 736 2938 ll.
759 2877 865 2956 Wolpc
886 2894 979 2958 prope
1000 2875 1176 2936 Astrocion

16 2973 173 3040 .Buxsaurr
198 2978 327 3056 detexit,
351 2980 474 3059 copioso
499 2981 527 3042 in
550 2982 672 3064 Vogcso
696 2987 785 3062 atque
810 2979 1011 3062 Sylva-nigro,
1034 2995 1175 3040 necnon

16 3081 131 3158 {pinetis
149 3081 241 3144 vallis
258 3081 414 3144 rhenanae
430 3083 602 3162 observavi,
626 3085 657 3145 in
672 3083 843 3166 Norvcgiee
861 3099 978 3145 summo
994 3079 1177 3159 Dooresjeld

16 3183 66 3244 niis
97 3185 277 3266 Diopensia
311 3187 479 3266 lopponica
513 3194 544 3250 et
583 3188 768 3250 Conostomo
806 3187 925 3248 borcali
963 3183 1081 3262 inveni3
1120 3200 1175 3262 per

16 3287 108 3350 ruciam
132 3288 213 3352 haud
238 3297 310 3352 ruro
335 3291 483 3369 provenit,
507 3290 537 3352 in
560 3289 711 3352 Britannia
728 3281 827 3352 multis
849 3288 924 3351 locis
940 3286 1099 3349 observatu
1114 3291 1172 3346 est.

16 3391 185 3456 simonicae
202 3392 452 3473 septentrionalis
467 3392 620 3474 provincio
630 3393 867 3456 Mossoclmsetts
878 3392 963 3456 amic.
978 3390 1171 3463 Lusousnuux

16 3507 134 3558 onerose
156 3495 328 3578 specimine
352 3496 440 3558 misit.
504 3483 534 3551 ’.

61 3599 159 3662 Fruct.
184 3607 302 3662 matur.
325 3597 425 3661 lunio.
471 3599 591 3663 Plantae
614 3599 767 3662 llorileroe
790 3600 913 3661 ineunte
939 3604 1100 3661 suctumno
1123 3615 1174 3658 re-

16 3699 137 3764 mensur.
1051 3711 1055 3722 '

47 3822 112 3884 Quod
134 3823 263 3892 Bryologi
293 3839 381 3875 omnes
404 3840 448 3892 pro
472 3825 620 3892 peristomio
644 3824 757 3877 lrubuerc
785 3834 811 3876 et
832 3841 877 3876 nos
900 3823 949 3891 ipsi
972 3823 998 3873 in
1022 3823 1175 3890 Brpolopia

16 3919 104 3971 tropaeo
121 3910 172 3962 tele
193 3911 392 3976 descripsimus,
410 3909 446 3960 nil
465 3909 534 3962 allud
553 3920 592 3962 est
609 3926 685 3979 quum
703 3913 824 3961 annulus
841 3909 916 3962 uelde
942 3910 1101 3977 compositus
1126 3910 1175 3962 ols-

16 3993 93 4046 rmitsr
109 3997 280 4064 eliguntur,
307 3996 381 4061 cujus
400 3998 479 4063 prima
503 3997 644 4049 rudimenta
666 3997 692 4046 in
714 3995 865 4062 ntptpseto
887 3997 1065 4062 reperiuntur,
1090 3998 1174 4064 magis

16 4077 77 4130 mlms
92 4083 116 4134 io
135 4085 167 4135 B.
186 4083 341 4136 induciata.
377 4081 550 4135 llemlsrsnula
569 4081 614 4134 ille
633 4081 760 4134 ennulsris
781 4081 865 4134 labate
877 4081 926 4134 sub
938 4081 1059 4150 cepsolce
1075 4083 1175 4136 orificio

16 4163 102 4232 artua,
124 4171 158 4222 eb
175 4170 333 4238 llerlwigio‚
358 4167 472 4222 Bridelio
491 4179 516 4220 et
534 4169 568 4221 el.
586 4185 632 4235 pro
650 4169 797 4236 peristomio
817 4179 922 4222 externo
941 4167 1040 4232 habite,
1065 4185 1079 4220 a
1099 4170 1174 4222 uobis

16 4255 135 4322 nmnulo,
154 4255 288 4310 cuticulae
307 4255 469 4307 membranae
488 4254 629 4322 cepsuleris
649 4271 707 4320 pers
726 4255 845 4322 superior
861 4265 901 4309 est
914 4253 1041 4320 solubilis,
1061 4271 1092 4306 ac
1106 4256 1174 4321 ejus·
1282 4305 1284 4310 ,

16 4349 42 4386 nn
56 4341 150 4409 originis
167 4361 247 4414 qoam
265 4342 394 4394 indusium
412 4343 449 4394 sic
467 4343 562 4394 dictum
580 4342 647 4410 quod
667 4359 680 4394 a
699 4351 751 4393 toto
770 4341 867 4410 pariete
892 4342 1024 4409 superiore
1049 4341 1174 4408 cupanlee

16 4419 25 4468 l·
40 4423 192 4498 indusiatus,
217 4438 278 4498 post
303 4427 512 4482 diluceretiooem
537 4427 760 4496 longitudinum,
789 4425 820 4479 ed
853 4437 987 4497 utrumque
1017 4425 1084 4480 lutus
1114 4445 1174 4480 susc

16 4509 91 4564 noluit.
