<?xml version="1.0" encoding="UTF-8"?>
<!DOCTYPE html PUBLIC "-//W3C//DTD XHTML 1.0 Transitional//EN"
    "http://www.w3.org/TR/xhtml1/DTD/xhtml1-transitional.dtd">
<html xmlns="http://www.w3.org/1999/xhtml" xml:lang="en" lang="en">
 <head>
  <title>
</title>
<meta http-equiv="Content-Type" content="text/html;charset=utf-8" />
  <meta name='ocr-system' content='tesseract 3.04.00' />
  <meta name='ocr-capabilities' content='ocr_page ocr_carea ocr_par ocr_line ocrx_word'/>
</head>
<body>
  <div class='ocr_page' id='page_1' title='image "./synopsismuscoru01schigoog_0239.png"; bbox 0 0 3122 5362; ppageno 0'>
   <div class='ocr_carea' id='block_1_1' title="bbox 902 393 1072 447">
    <p class='ocr_par' dir='ltr' id='par_1_1' title="bbox 902 393 1072 447">
     <span class='ocr_line' id='line_1_1' title="bbox 902 393 1072 447; baseline 0.012 -2"><span class='ocrx_word' id='word_1_1' title='bbox 902 393 1072 447; x_wconf 66' lang='lat' dir='ltr'><strong>witrionem.</strong></span> 
     </span>
    </p>
   </div>
   <div class='ocr_carea' id='block_1_2' title="bbox 388 565 1557 2221">
    <p class='ocr_par' dir='ltr' id='par_1_2' title="bbox 429 565 1557 861">
     <span class='ocr_line' id='line_1_2' title="bbox 524 565 1557 651; baseline 0 -19"><span class='ocrx_word' id='word_1_2' title='bbox 524 567 697 632; x_wconf 88' lang='lat' dir='ltr'><strong>lanceolatis</strong></span> <span class='ocrx_word' id='word_1_3' title='bbox 720 565 1051 650; x_wconf 81' lang='lat' dir='ltr'><strong>suberanidlnervibus,</strong></span> <span class='ocrx_word' id='word_1_4' title='bbox 1074 568 1180 632; x_wconf 82' lang='lat' dir='ltr'><strong>tbecae</strong></span> <span class='ocrx_word' id='word_1_5' title='bbox 1196 575 1304 632; x_wconf 85' lang='lat' dir='ltr'><strong>ovatae</strong></span> <span class='ocrx_word' id='word_1_6' title='bbox 1319 569 1464 651; x_wconf 85' lang='lat' dir='ltr'><strong>operculo</strong></span> <span class='ocrx_word' id='word_1_7' title='bbox 1487 565 1557 646; x_wconf 75' lang='lat' dir='ltr'><strong>comi</strong></span> 
     </span>
     <span class='ocr_line' id='line_1_3' title="bbox 523 669 1557 768; baseline 0.003 -33"><span class='ocrx_word' id='word_1_8' title='bbox 523 669 737 735; x_wconf 81' lang='lat' dir='ltr'><strong>deo-subulam</strong></span> <span class='ocrx_word' id='word_1_9' title='bbox 759 671 853 738; x_wconf 89' lang='lat' dir='ltr'><strong>brevi.</strong></span> <span class='ocrx_word' id='word_1_10' title='bbox 900 671 980 736; x_wconf 81' lang='lat' dir='ltr'><strong>Baro.</strong></span> <span class='ocrx_word' id='word_1_11' title='bbox 1006 673 1104 768; x_wconf 75' lang='lat' dir='ltr'><strong>Brvol.</strong></span> <span class='ocrx_word' id='word_1_12' title='bbox 1120 675 1199 737; x_wconf 85' lang='lat' dir='ltr'><strong>univ.</strong></span> <span class='ocrx_word' id='word_1_13' title='bbox 1224 673 1245 754; x_wconf 88' lang='lat' dir='ltr'><strong>l,</strong></span> <span class='ocrx_word' id='word_1_14' title='bbox 1271 691 1298 756; x_wconf 85' lang='lat' dir='ltr'><strong>p.</strong></span> <span class='ocrx_word' id='word_1_15' title='bbox 1315 671 1388 738; x_wconf 72' lang='lat'><strong>804.</strong></span> <span class='ocrx_word' id='word_1_16' title='bbox 1556 693 1557 750; x_wconf 73' lang='lat' dir='ltr'><strong>l</strong></span> 
     </span>
     <span class='ocr_line' id='line_1_4' title="bbox 429 775 1018 861; baseline 0.002 -20"><span class='ocrx_word' id='word_1_17' title='bbox 429 776 531 858; x_wconf 79' lang='lat' dir='ltr'><strong>brvol.</strong></span> <span class='ocrx_word' id='word_1_18' title='bbox 555 796 619 842; x_wconf 84' lang='lat' dir='ltr'><strong>eur.</strong></span> <span class='ocrx_word' id='word_1_19' title='bbox 644 776 664 840; x_wconf 94' lang='lat' dir='ltr'><strong>l.</strong></span> <span class='ocrx_word' id='word_1_20' title='bbox 711 776 743 840; x_wconf 85' lang='lat' dir='ltr'><strong>c.</strong></span> <span class='ocrx_word' id='word_1_21' title='bbox 761 775 875 841; x_wconf 78' lang='lat' dir='ltr'><strong>boum</strong></span> <span class='ocrx_word' id='word_1_22' title='bbox 892 779 1018 861; x_wconf 76' lang='lat' dir='ltr'><strong>synope.</strong></span> 
     </span>
    </p>

    <p class='ocr_par' dir='ltr' id='par_1_3' title="bbox 399 881 1543 1071">
     <span class='ocr_line' id='line_1_5' title="bbox 399 881 1543 966; baseline 0.001 -21"><span class='ocrx_word' id='word_1_23' title='bbox 399 883 511 946; x_wconf 79' lang='lat' dir='ltr'><strong>Weieio</strong></span> <span class='ocrx_word' id='word_1_24' title='bbox 531 885 702 962; x_wconf 73' lang='lat' dir='ltr'><strong>amiato,</strong></span> <span class='ocrx_word' id='word_1_25' title='bbox 728 902 864 964; x_wconf 83' lang='lat' dir='ltr'><strong>procero</strong></span> <span class='ocrx_word' id='word_1_26' title='bbox 887 891 917 945; x_wconf 83' lang='lat' dir='ltr'><strong>et</strong></span> <span class='ocrx_word' id='word_1_27' title='bbox 940 891 1138 966; x_wconf 77' lang='lat' dir='ltr'><strong>torpuesceae</strong></span> <span class='ocrx_word' id='word_1_28' title='bbox 1168 883 1246 946; x_wconf 82' lang='lat' dir='ltr'><strong>Nsus</strong></span> <span class='ocrx_word' id='word_1_29' title='bbox 1271 891 1302 946; x_wconf 94' lang='lat' dir='ltr'><strong>et</strong></span> <span class='ocrx_word' id='word_1_30' title='bbox 1326 881 1471 947; x_wconf 75' lang='lat' dir='ltr'><strong>lloauscs.</strong></span> <span class='ocrx_word' id='word_1_31' title='bbox 1493 883 1543 964; x_wconf 66' lang='lat' dir='ltr'><strong>lim</strong></span> 
     </span>
     <span class='ocr_line' id='line_1_6' title="bbox 523 985 1266 1071; baseline 0.003 -23"><span class='ocrx_word' id='word_1_32' title='bbox 523 1005 616 1071; x_wconf 80' lang='lat' dir='ltr'><strong>germ.</strong></span> <span class='ocrx_word' id='word_1_33' title='bbox 641 987 670 1050; x_wconf 87' lang='lat' dir='ltr'><strong>P.</strong></span> <span class='ocrx_word' id='word_1_34' title='bbox 688 986 721 1066; x_wconf 88' lang='lat' dir='ltr'><strong>ll,</strong></span> <span class='ocrx_word' id='word_1_35' title='bbox 747 987 826 1050; x_wconf 88' lang='lat' dir='ltr'><strong>Seot.</strong></span> <span class='ocrx_word' id='word_1_36' title='bbox 845 987 876 1067; x_wconf 80' lang='lat'><strong>2,</strong></span> <span class='ocrx_word' id='word_1_37' title='bbox 901 1007 926 1070; x_wconf 94' lang='lat' dir='ltr'><strong>p.</strong></span> <span class='ocrx_word' id='word_1_38' title='bbox 944 985 998 1067; x_wconf 83' lang='lat'><strong>86,</strong></span> <span class='ocrx_word' id='word_1_39' title='bbox 1022 989 1093 1052; x_wconf 84' lang='lat' dir='ltr'><strong>Tab.</strong></span> <span class='ocrx_word' id='word_1_40' title='bbox 1111 985 1151 1051; x_wconf 79' lang='lat'><strong>32</strong></span> <span class='ocrx_word' id='word_1_41' title='bbox 1169 995 1200 1050; x_wconf 91' lang='lat' dir='ltr'><strong>at</strong></span> <span class='ocrx_word' id='word_1_42' title='bbox 1215 985 1266 1051; x_wconf 87' lang='lat'><strong>33.</strong></span> 
     </span>
    </p>

    <p class='ocr_par' dir='ltr' id='par_1_4' title="bbox 399 1091 1518 1385">
     <span class='ocr_line' id='line_1_7' title="bbox 399 1091 1518 1174; baseline -0.002 -18"><span class='ocrx_word' id='word_1_43' title='bbox 399 1093 510 1158; x_wconf 78' lang='lat' dir='ltr'><strong>Weisio</strong></span> <span class='ocrx_word' id='word_1_44' title='bbox 532 1100 728 1174; x_wconf 79' lang='lat' dir='ltr'><strong>torpueeoeae</strong></span> <span class='ocrx_word' id='word_1_45' title='bbox 749 1092 914 1166; x_wconf 85' lang='lat' dir='ltr'><strong>(lloausca.</strong></span> <span class='ocrx_word' id='word_1_46' title='bbox 932 1095 994 1172; x_wconf 92' lang='lat' dir='ltr'><strong>m.)</strong></span> <span class='ocrx_word' id='word_1_47' title='bbox 1023 1091 1108 1156; x_wconf 85' lang='lat' dir='ltr'><strong>caule</strong></span> <span class='ocrx_word' id='word_1_48' title='bbox 1138 1100 1242 1156; x_wconf 83' lang='lat' dir='ltr'><strong>erecto</strong></span> <span class='ocrx_word' id='word_1_49' title='bbox 1265 1109 1404 1174; x_wconf 75' lang='lat' dir='ltr'><strong>niuoso,</strong></span> <span class='ocrx_word' id='word_1_50' title='bbox 1437 1093 1518 1158; x_wconf 88' lang='lat' dir='ltr'><strong>loliis</strong></span> 
     </span>
     <span class='ocr_line' id='line_1_8' title="bbox 524 1196 1509 1284; baseline 0.002 -26"><span class='ocrx_word' id='word_1_51' title='bbox 524 1197 633 1280; x_wconf 79' lang='lat' dir='ltr'><strong>longis,</strong></span> <span class='ocrx_word' id='word_1_52' title='bbox 658 1196 773 1260; x_wconf 89' lang='lat' dir='ltr'><strong>obtusis</strong></span> <span class='ocrx_word' id='word_1_53' title='bbox 796 1197 931 1260; x_wconf 77' lang='lat' dir='ltr'><strong>siccitate</strong></span> <span class='ocrx_word' id='word_1_54' title='bbox 954 1197 1172 1284; x_wconf 75' lang='lat' dir='ltr'><strong>subcantortis²</strong></span> <span class='ocrx_word' id='word_1_55' title='bbox 1196 1198 1303 1260; x_wconf 88' lang='lat' dir='ltr'><strong>tbacae</strong></span> <span class='ocrx_word' id='word_1_56' title='bbox 1319 1203 1427 1262; x_wconf 77' lang='lat' dir='ltr'><strong>ovatae</strong></span> <span class='ocrx_word' id='word_1_57' title='bbox 1450 1215 1509 1279; x_wconf 88' lang='lat' dir='ltr'><strong>ope</strong></span> 
     </span>
     <span class='ocr_line' id='line_1_9' title="bbox 522 1297 1325 1385; baseline 0.005 -23"><span class='ocrx_word' id='word_1_58' title='bbox 522 1301 629 1365; x_wconf 86' lang='lat' dir='ltr'><strong>canino</strong></span> <span class='ocrx_word' id='word_1_59' title='bbox 650 1302 783 1368; x_wconf 87' lang='lat' dir='ltr'><strong>incurvo.</strong></span> <span class='ocrx_word' id='word_1_60' title='bbox 829 1301 910 1365; x_wconf 80' lang='lat' dir='ltr'><strong>Baio.</strong></span> <span class='ocrx_word' id='word_1_61' title='bbox 934 1302 1032 1384; x_wconf 77' lang='lat' dir='ltr'><strong>llrvol.</strong></span> <span class='ocrx_word' id='word_1_62' title='bbox 1056 1302 1136 1366; x_wconf 88' lang='lat' dir='ltr'><strong>univ.</strong></span> <span class='ocrx_word' id='word_1_63' title='bbox 1159 1300 1182 1381; x_wconf 87' lang='lat' dir='ltr'><strong>l,</strong></span> <span class='ocrx_word' id='word_1_64' title='bbox 1206 1321 1234 1385; x_wconf 91' lang='lat' dir='ltr'><strong>p.</strong></span> <span class='ocrx_word' id='word_1_65' title='bbox 1252 1297 1325 1366; x_wconf 75' lang='lat'>³49.</span> 
     </span>
    </p>

    <p class='ocr_par' dir='ltr' id='par_1_5' title="bbox 394 1405 1343 1496">
     <span class='ocr_line' id='line_1_10' title="bbox 394 1405 1343 1496; baseline 0 -26"><span class='ocrx_word' id='word_1_66' title='bbox 394 1406 634 1470; x_wconf 77' lang='lat' dir='ltr'><strong>Tricbostomam</strong></span> <span class='ocrx_word' id='word_1_67' title='bbox 654 1407 854 1487; x_wconf 70' lang='lat' dir='ltr'><strong><em>paradoxum</em></strong></span> <span class='ocrx_word' id='word_1_68' title='bbox 876 1405 956 1470; x_wconf 82' lang='lat' dir='ltr'><strong>Baio.</strong></span> <span class='ocrx_word' id='word_1_69' title='bbox 978 1405 1078 1489; x_wconf 77' lang='lat' dir='ltr'><strong>Bryol.</strong></span> <span class='ocrx_word' id='word_1_70' title='bbox 1102 1407 1183 1470; x_wconf 86' lang='lat' dir='ltr'><strong>univ.</strong></span> <span class='ocrx_word' id='word_1_71' title='bbox 1207 1406 1228 1486; x_wconf 91' lang='lat' dir='ltr'><strong>l,</strong></span> <span class='ocrx_word' id='word_1_72' title='bbox 1252 1405 1343 1496; x_wconf 31' lang='lat'>817..</span> 
     </span>
    </p>

    <p class='ocr_par' dir='ltr' id='par_1_6' title="bbox 391 1527 1546 1717">
     <span class='ocr_line' id='line_1_11' title="bbox 476 1527 1546 1614; baseline 0.005 -24"><span class='ocrx_word' id='word_1_73' title='bbox 476 1527 580 1590; x_wconf 73' lang='lat' dir='ltr'><strong>liubit.</strong></span> <span class='ocrx_word' id='word_1_74' title='bbox 604 1527 633 1590; x_wconf 92' lang='lat' dir='ltr'><strong>in</strong></span> <span class='ocrx_word' id='word_1_75' title='bbox 658 1527 783 1608; x_wconf 79' lang='lat' dir='ltr'>Alpibus</span> <span class='ocrx_word' id='word_1_76' title='bbox 809 1527 945 1610; x_wconf 48' lang='lat' dir='ltr'><strong>linbila,</strong></span> <span class='ocrx_word' id='word_1_77' title='bbox 976 1529 1198 1614; x_wconf 82' lang='lat' dir='ltr'><strong>Salisburgiae,</strong></span> <span class='ocrx_word' id='word_1_78' title='bbox 1223 1527 1413 1611; x_wconf 79' lang='lat' dir='ltr'><strong>Oarintliiae‚</strong></span> <span class='ocrx_word' id='word_1_79' title='bbox 1438 1531 1546 1594; x_wconf 85' lang='lat' dir='ltr'><strong>altitn&#39;</strong></span> 
     </span>
     <span class='ocr_line' id='line_1_12' title="bbox 391 1629 1540 1717; baseline 0.001 -22"><span class='ocrx_word' id='word_1_80' title='bbox 391 1629 640 1711; x_wconf 69' lang='lat' dir='ltr'><strong>roob-uim,</strong></span> <span class='ocrx_word' id='word_1_81' title='bbox 664 1631 714 1694; x_wconf 92' lang='lat' dir='ltr'><strong>ubi</strong></span> <span class='ocrx_word' id='word_1_82' title='bbox 737 1629 772 1696; x_wconf 85' lang='lat' dir='ltr'><strong>ml</strong></span> <span class='ocrx_word' id='word_1_83' title='bbox 801 1640 911 1695; x_wconf 88' lang='lat' dir='ltr'><strong>terram</strong></span> <span class='ocrx_word' id='word_1_84' title='bbox 935 1633 1089 1696; x_wconf 86' lang='lat' dir='ltr'><strong>humosarn</strong></span> <span class='ocrx_word' id='word_1_85' title='bbox 1113 1635 1237 1717; x_wconf 80' lang='lat' dir='ltr'><strong>rupibus</strong></span> <span class='ocrx_word' id='word_1_86' title='bbox 1259 1635 1418 1700; x_wconf 82' lang='lat' dir='ltr'><strong>instratum</strong></span> <span class='ocrx_word' id='word_1_87' title='bbox 1535 1637 1540 1650; x_wconf 93' lang='lat'>&#39;</span> 
     </span>
    </p>

    <p class='ocr_par' dir='ltr' id='par_1_7' title="bbox 391 1735 1510 1818">
     <span class='ocr_line' id='line_1_13' title="bbox 391 1735 1510 1818; baseline 0.004 -20"><span class='ocrx_word' id='word_1_88' title='bbox 391 1737 428 1799; x_wconf 89' lang='lat' dir='ltr'><strong>lis</strong></span> <span class='ocrx_word' id='word_1_89' title='bbox 459 1735 562 1799; x_wconf 89' lang='lat' dir='ltr'><strong>densis</strong></span> <span class='ocrx_word' id='word_1_90' title='bbox 586 1736 824 1799; x_wconf 74' lang='lat' dir='ltr'><strong>tumescentibus</strong></span> <span class='ocrx_word' id='word_1_91' title='bbox 853 1737 946 1800; x_wconf 87' lang='lat' dir='ltr'><strong>sociis</strong></span> <span class='ocrx_word' id='word_1_92' title='bbox 969 1738 1207 1802; x_wconf 78' lang='lat' dir='ltr'><strong>Rbobaloaeeinio</strong></span> <span class='ocrx_word' id='word_1_93' title='bbox 1230 1741 1438 1818; x_wconf 62' lang='lat' dir='ltr'><strong>meslete,</strong></span> <span class='ocrx_word' id='word_1_94' title='bbox 1472 1741 1510 1802; x_wconf 78' lang='lat' dir='ltr'><strong>ll</strong></span> 
     </span>
    </p>

    <p class='ocr_par' dir='ltr' id='par_1_8' title="bbox 388 1842 1536 1926">
     <span class='ocr_line' id='line_1_14' title="bbox 388 1842 1536 1926; baseline 0.006 -25"><span class='ocrx_word' id='word_1_95' title='bbox 388 1842 594 1924; x_wconf 75' lang='lat' dir='ltr'><strong>potprnorplto</strong></span> <span class='ocrx_word' id='word_1_96' title='bbox 616 1848 647 1904; x_wconf 91' lang='lat' dir='ltr'><strong>et</strong></span> <span class='ocrx_word' id='word_1_97' title='bbox 663 1843 841 1904; x_wconf 77' lang='lat' dir='ltr'><strong>acuminato</strong></span> <span class='ocrx_word' id='word_1_98' title='bbox 865 1861 892 1904; x_wconf 91' lang='lat' dir='ltr'><strong>e.</strong></span> <span class='ocrx_word' id='word_1_99' title='bbox 910 1863 935 1906; x_wconf 91' lang='lat' dir='ltr'><strong>a.</strong></span> <span class='ocrx_word' id='word_1_100' title='bbox 960 1842 1061 1926; x_wconf 78' lang='lat' dir='ltr'><strong>deget</strong></span> <span class='ocrx_word' id='word_1_101' title='bbox 1100 1843 1133 1905; x_wconf 92' lang='lat' dir='ltr'><strong>ln</strong></span> <span class='ocrx_word' id='word_1_102' title='bbox 1158 1845 1324 1924; x_wconf 74' lang='lat' dir='ltr'><strong>llattreye&#39;r</strong></span> <span class='ocrx_word' id='word_1_103' title='bbox 1348 1845 1479 1908; x_wconf 70' lang='lat' dir='ltr'><strong>rum</strong></span> <span class='ocrx_word' id='word_1_104' title='bbox 1495 1845 1536 1908; x_wconf 73' lang='lat' dir='ltr'><strong>aa</strong></span> 
     </span>
    </p>

    <p class='ocr_par' dir='ltr' id='par_1_9' title="bbox 390 1943 1550 2031">
     <span class='ocr_line' id='line_1_15' title="bbox 390 1943 1550 2031; baseline -0.001 -22"><span class='ocrx_word' id='word_1_105' title='bbox 390 1943 468 2009; x_wconf 78' lang='lat' dir='ltr'><strong>som</strong></span> <span class='ocrx_word' id='word_1_106' title='bbox 490 1943 614 2026; x_wconf 86' lang='lat' dir='ltr'><strong>detexit,</strong></span> <span class='ocrx_word' id='word_1_107' title='bbox 638 1945 668 2007; x_wconf 91' lang='lat' dir='ltr'><strong>in</strong></span> <span class='ocrx_word' id='word_1_108' title='bbox 692 1945 767 2028; x_wconf 80' lang='lat' dir='ltr'><strong>Alpe</strong></span> <span class='ocrx_word' id='word_1_109' title='bbox 792 1947 945 2010; x_wconf 77' lang='lat' dir='ltr'><strong>Goisstein</strong></span> <span class='ocrx_word' id='word_1_110' title='bbox 972 1945 1153 2031; x_wconf 80' lang='lat' dir='ltr'><strong>Pinzgoviae</strong></span> <span class='ocrx_word' id='word_1_111' title='bbox 1175 1947 1225 2010; x_wconf 91' lang='lat' dir='ltr'><strong>ubi</strong></span> <span class='ocrx_word' id='word_1_112' title='bbox 1241 1949 1326 2011; x_wconf 90' lang='lat' dir='ltr'><strong>amic.</strong></span> <span class='ocrx_word' id='word_1_113' title='bbox 1351 1949 1469 2012; x_wconf 73' lang='lat' dir='ltr'><strong>Saum</strong></span> <span class='ocrx_word' id='word_1_114' title='bbox 1486 1969 1518 2012; x_wconf 86' lang='lat' dir='ltr'><strong>re</strong></span> <span class='ocrx_word' id='word_1_115' title='bbox 1546 1994 1550 2008; x_wconf 90' lang='lat'>.</span> 
     </span>
    </p>

    <p class='ocr_par' dir='ltr' id='par_1_10' title="bbox 390 2050 877 2134">
     <span class='ocr_line' id='line_1_16' title="bbox 390 2050 877 2134; baseline 0 -20"><span class='ocrx_word' id='word_1_116' title='bbox 390 2058 422 2115; x_wconf 89' lang='lat' dir='ltr'><strong>et</strong></span> <span class='ocrx_word' id='word_1_117' title='bbox 443 2051 508 2133; x_wconf 86' lang='lat' dir='ltr'><strong>ipsc</strong></span> <span class='ocrx_word' id='word_1_118' title='bbox 531 2050 600 2134; x_wconf 76' lang='lat' dir='ltr'><strong>legi.</strong></span> <span class='ocrx_word' id='word_1_119' title='bbox 644 2050 678 2114; x_wconf 85' lang='lat' dir='ltr'><strong>E.</strong></span> <span class='ocrx_word' id='word_1_120' title='bbox 702 2051 877 2114; x_wconf 78' lang='lat' dir='ltr'><strong>rarioribus.</strong></span> 
     </span>
    </p>

    <p class='ocr_par' dir='ltr' id='par_1_11' title="bbox 477 2155 1048 2221">
     <span class='ocr_line' id='line_1_17' title="bbox 477 2155 1048 2221; baseline 0.005 -4"><span class='ocrx_word' id='word_1_121' title='bbox 477 2155 579 2221; x_wconf 81' lang='lat' dir='ltr'><strong>Fruct.</strong></span> <span class='ocrx_word' id='word_1_122' title='bbox 605 2164 715 2219; x_wconf 85' lang='lat' dir='ltr'><strong>molar.</strong></span> <span class='ocrx_word' id='word_1_123' title='bbox 740 2155 777 2220; x_wconf 89' lang='lat' dir='ltr'><strong>ad</strong></span> <span class='ocrx_word' id='word_1_124' title='bbox 802 2157 927 2220; x_wconf 84' lang='lat' dir='ltr'><strong>aestatis</strong></span> <span class='ocrx_word' id='word_1_125' title='bbox 949 2155 1048 2221; x_wconf 81' lang='lat' dir='ltr'><strong>inem.</strong></span> 
     </span>
    </p>
   </div>
   <div class='ocr_carea' id='block_1_3' title="bbox 389 2277 1554 3306">
    <p class='ocr_par' dir='ltr' id='par_1_12' title="bbox 390 2277 1554 2688">
     <span class='ocr_line' id='line_1_18' title="bbox 465 2277 1538 2348; baseline 0.004 -20"><span class='ocrx_word' id='word_1_126' title='bbox 465 2277 573 2346; x_wconf 77' lang='lat' dir='ltr'><strong>Species</strong></span> <span class='ocrx_word' id='word_1_127' title='bbox 596 2278 679 2348; x_wconf 83' lang='lat' dir='ltr'><strong>quoad</strong></span> <span class='ocrx_word' id='word_1_128' title='bbox 704 2279 791 2330; x_wconf 83' lang='lat' dir='ltr'><strong>sedern</strong></span> <span class='ocrx_word' id='word_1_129' title='bbox 817 2280 1005 2346; x_wconf 73' lang='lat' dir='ltr'><strong>systematicmn</strong></span> <span class='ocrx_word' id='word_1_130' title='bbox 1032 2279 1168 2346; x_wconf 68' lang='lat' dir='ltr'><strong>ambigua,</strong></span> <span class='ocrx_word' id='word_1_131' title='bbox 1185 2295 1211 2336; x_wconf 76' lang='lat' dir='ltr'><strong>,a</strong></span> <span class='ocrx_word' id='word_1_132' title='bbox 1233 2277 1348 2332; x_wconf 81' lang='lat' dir='ltr'><strong>Bridelio</strong></span> <span class='ocrx_word' id='word_1_133' title='bbox 1368 2280 1421 2334; x_wconf 81' lang='lat' dir='ltr'><strong>tub</strong></span> <span class='ocrx_word' id='word_1_134' title='bbox 1450 2287 1538 2334; x_wconf 79' lang='lat' dir='ltr'><strong>nomia</strong></span> 
     </span>
     <span class='ocr_line' id='line_1_19' title="bbox 390 2364 1554 2438; baseline 0.001 -20"><span class='ocrx_word' id='word_1_135' title='bbox 390 2365 470 2418; x_wconf 85' lang='lat' dir='ltr'><strong>tribus</strong></span> <span class='ocrx_word' id='word_1_136' title='bbox 488 2365 625 2434; x_wconf 69' lang='lat' dir='ltr'><strong>cecropia,</strong></span> <span class='ocrx_word' id='word_1_137' title='bbox 645 2364 677 2416; x_wconf 79' lang='lat' dir='ltr'><strong>ab</strong></span> <span class='ocrx_word' id='word_1_138' title='bbox 696 2381 778 2435; x_wconf 88' lang='lat' dir='ltr'><strong>eoque</strong></span> <span class='ocrx_word' id='word_1_139' title='bbox 803 2382 870 2416; x_wconf 81' lang='lat' dir='ltr'><strong>nrrnc</strong></span> <span class='ocrx_word' id='word_1_140' title='bbox 889 2382 935 2434; x_wconf 90' lang='lat' dir='ltr'><strong>pro</strong></span> <span class='ocrx_word' id='word_1_141' title='bbox 959 2366 1072 2418; x_wconf 80' lang='lat' dir='ltr'><strong>Weieiaee</strong></span> <span class='ocrx_word' id='word_1_142' title='bbox 1089 2383 1156 2420; x_wconf 90' lang='lat' dir='ltr'><strong>nanc</strong></span> <span class='ocrx_word' id='word_1_143' title='bbox 1176 2383 1221 2435; x_wconf 87' lang='lat' dir='ltr'><strong>pro</strong></span> <span class='ocrx_word' id='word_1_144' title='bbox 1240 2366 1427 2420; x_wconf 64' lang='lat' dir='ltr'><strong>metutam·</strong></span> <span class='ocrx_word' id='word_1_145' title='bbox 1445 2371 1554 2438; x_wconf 54' lang='lat' dir='ltr'><strong>surlet</strong></span> 
     </span>
     <span class='ocr_line' id='line_1_20' title="bbox 391 2451 1545 2525; baseline 0.003 -22"><span class='ocrx_word' id='word_1_146' title='bbox 391 2453 495 2520; x_wconf 80' lang='lat' dir='ltr'><strong>generis</strong></span> <span class='ocrx_word' id='word_1_147' title='bbox 522 2454 617 2519; x_wconf 87' lang='lat' dir='ltr'><strong>proprii</strong></span> <span class='ocrx_word' id='word_1_148' title='bbox 644 2451 738 2505; x_wconf 78' lang='lat' dir='ltr'><strong>habita.</strong></span> <span class='ocrx_word' id='word_1_149' title='bbox 775 2451 812 2504; x_wconf 79' lang='lat' dir='ltr'><strong>lle</strong></span> <span class='ocrx_word' id='word_1_150' title='bbox 837 2453 926 2506; x_wconf 84' lang='lat' dir='ltr'><strong>borror</strong></span> <span class='ocrx_word' id='word_1_151' title='bbox 950 2453 1131 2522; x_wconf 74' lang='lat' dir='ltr'><strong>bivologorurn</strong></span> <span class='ocrx_word' id='word_1_152' title='bbox 1159 2471 1254 2522; x_wconf 69' lang='lat' dir='ltr'><strong>genere</strong></span> <span class='ocrx_word' id='word_1_153' title='bbox 1278 2470 1344 2507; x_wconf 82' lang='lat' dir='ltr'><strong>nove</strong></span> <span class='ocrx_word' id='word_1_154' title='bbox 1364 2455 1444 2510; x_wconf 79' lang='lat' dir='ltr'><strong>nimis</strong></span> <span class='ocrx_word' id='word_1_155' title='bbox 1464 2459 1545 2525; x_wconf 77' lang='lat' dir='ltr'><strong>pertin</strong></span> 
     </span>
     <span class='ocr_line' id='line_1_21' title="bbox 391 2539 1552 2609; baseline 0.003 -17"><span class='ocrx_word' id='word_1_156' title='bbox 391 2540 501 2592; x_wconf 87' lang='lat' dir='ltr'><strong>centium</strong></span> <span class='ocrx_word' id='word_1_157' title='bbox 520 2549 707 2607; x_wconf 71' lang='lat' dir='ltr'><strong>augmentetur,</strong></span> <span class='ocrx_word' id='word_1_158' title='bbox 727 2555 772 2607; x_wconf 91' lang='lat' dir='ltr'><strong>pro</strong></span> <span class='ocrx_word' id='word_1_159' title='bbox 792 2539 878 2607; x_wconf 83' lang='lat' dir='ltr'><strong>planta</strong></span> <span class='ocrx_word' id='word_1_160' title='bbox 897 2551 983 2594; x_wconf 76' lang='lat' dir='ltr'><strong>nostru</strong></span> <span class='ocrx_word' id='word_1_161' title='bbox 1001 2541 1129 2609; x_wconf 78' lang='lat' dir='ltr'><strong>paradoxa</strong></span> <span class='ocrx_word' id='word_1_162' title='bbox 1148 2541 1277 2608; x_wconf 70' lang='lat' dir='ltr'><strong>sarbpenue</strong></span> <span class='ocrx_word' id='word_1_163' title='bbox 1288 2543 1390 2594; x_wconf 84' lang='lat' dir='ltr'><strong>nomine</strong></span> <span class='ocrx_word' id='word_1_164' title='bbox 1405 2543 1431 2595; x_wconf 85' lang='lat'><em>0</em></span> <span class='ocrx_word' id='word_1_165' title='bbox 1526 2540 1552 2556; x_wconf 84' lang='lat'><strong>&#39;&#39;</strong></span> 
     </span>
     <span class='ocr_line' id='line_1_22' title="bbox 391 2625 838 2688; baseline 0.009 -13"><span class='ocrx_word' id='word_1_166' title='bbox 391 2625 443 2682; x_wconf 84' lang='lat' dir='ltr'><strong>(W.</strong></span> <span class='ocrx_word' id='word_1_167' title='bbox 462 2627 581 2678; x_wconf 83' lang='lat' dir='ltr'><strong>montium</strong></span> <span class='ocrx_word' id='word_1_168' title='bbox 600 2625 714 2688; x_wconf 78' lang='lat' dir='ltr'><strong>incolae)</strong></span> <span class='ocrx_word' id='word_1_169' title='bbox 733 2627 838 2680; x_wconf 82' lang='lat' dir='ltr'><strong>institui.</strong></span> 
     </span>
    </p>

    <p class='ocr_par' dir='ltr' id='par_1_13' title="bbox 392 2711 1545 2867">
     <span class='ocr_line' id='line_1_23' title="bbox 460 2711 1545 2786; baseline 0 -20"><span class='ocrx_word' id='word_1_170' title='bbox 460 2711 588 2766; x_wconf 79' lang='lat' dir='ltr'><strong>Foliorum</strong></span> <span class='ocrx_word' id='word_1_171' title='bbox 606 2724 732 2766; x_wconf 73' lang='lat' dir='ltr'><strong>temtum</strong></span> <span class='ocrx_word' id='word_1_172' title='bbox 751 2716 846 2767; x_wconf 76' lang='lat' dir='ltr'><strong>minuta</strong></span> <span class='ocrx_word' id='word_1_173' title='bbox 865 2715 923 2782; x_wconf 81' lang='lat' dir='ltr'><strong>plus</strong></span> <span class='ocrx_word' id='word_1_174' title='bbox 941 2717 1023 2768; x_wconf 82' lang='lat' dir='ltr'><strong>minus</strong></span> <span class='ocrx_word' id='word_1_175' title='bbox 1042 2725 1130 2782; x_wconf 76' lang='lat' dir='ltr'><strong>arguta</strong></span> <span class='ocrx_word' id='word_1_176' title='bbox 1149 2715 1253 2768; x_wconf 80' lang='lat' dir='ltr'><strong>cellulis</strong></span> <span class='ocrx_word' id='word_1_177' title='bbox 1272 2717 1464 2786; x_wconf 68' lang='lat' dir='ltr'><strong>marginslibvu</strong></span> <span class='ocrx_word' id='word_1_178' title='bbox 1485 2717 1545 2786; x_wconf 68' lang='lat' dir='ltr'><strong>bpnli</strong></span> 
     </span>
     <span class='ocr_line' id='line_1_24' title="bbox 392 2795 925 2867; baseline 0.002 -14"><span class='ocrx_word' id='word_1_179' title='bbox 392 2810 466 2854; x_wconf 83' lang='lat' dir='ltr'><strong>acute</strong></span> <span class='ocrx_word' id='word_1_180' title='bbox 486 2800 635 2867; x_wconf 82' lang='lat' dir='ltr'><strong>prominulie</strong></span> <span class='ocrx_word' id='word_1_181' title='bbox 653 2801 772 2855; x_wconf 73' lang='lat' dir='ltr'><strong>eflicitur.</strong></span> <span class='ocrx_word' id='word_1_182' title='bbox 922 2795 925 2806; x_wconf 80' lang='grc'><em>’</em></span> 
     </span>
    </p>

    <p class='ocr_par' dir='ltr' id='par_1_14' title="bbox 389 2885 1533 3306">
     <span class='ocr_line' id='line_1_25' title="bbox 460 2885 1481 2959; baseline 0.009 -21"><span class='ocrx_word' id='word_1_183' title='bbox 460 2885 555 2940; x_wconf 81' lang='lat' dir='ltr'><strong>Dentes</strong></span> <span class='ocrx_word' id='word_1_184' title='bbox 573 2887 605 2941; x_wconf 83' lang='lat' dir='ltr'><strong>ab</strong></span> <span class='ocrx_word' id='word_1_185' title='bbox 623 2887 676 2940; x_wconf 78' lang='lat' dir='ltr'><strong>illle</strong></span> <span class='ocrx_word' id='word_1_186' title='bbox 694 2905 866 2958; x_wconf 72' lang='lat' dir='ltr'><strong>congerierum</strong></span> <span class='ocrx_word' id='word_1_187' title='bbox 885 2891 1021 2958; x_wconf 79' lang='lat' dir='ltr'><strong>superlicio</strong></span> <span class='ocrx_word' id='word_1_188' title='bbox 1045 2900 1151 2959; x_wconf 78' lang='lat' dir='ltr'><strong>utraque</strong></span> <span class='ocrx_word' id='word_1_189' title='bbox 1170 2888 1316 2943; x_wconf 73' lang='lat' dir='ltr'><strong>laevissima</strong></span> <span class='ocrx_word' id='word_1_190' title='bbox 1339 2891 1397 2944; x_wconf 78' lang='lat' dir='ltr'><strong>siue</strong></span> <span class='ocrx_word' id='word_1_191' title='bbox 1425 2893 1481 2948; x_wconf 77' lang='lat' dir='ltr'><strong>ulle</strong></span> 
     </span>
     <span class='ocr_line' id='line_1_26' title="bbox 391 2973 1471 3046; baseline 0.006 -20"><span class='ocrx_word' id='word_1_192' title='bbox 391 2973 487 3027; x_wconf 72' lang='lat' dir='ltr'><strong>latione</strong></span> <span class='ocrx_word' id='word_1_193' title='bbox 505 2975 654 3044; x_wconf 76' lang='lat' dir='ltr'><strong>divergunt3</strong></span> <span class='ocrx_word' id='word_1_194' title='bbox 683 2973 792 3028; x_wconf 71' lang='lat' dir='ltr'><strong>liminio</strong></span> <span class='ocrx_word' id='word_1_195' title='bbox 802 3015 809 3044; x_wconf 90' lang='lat'>,</span> <span class='ocrx_word' id='word_1_196' title='bbox 829 2981 933 3046; x_wconf 70' lang='lat' dir='ltr'><strong>querum</strong></span> <span class='ocrx_word' id='word_1_197' title='bbox 953 2987 1056 3030; x_wconf 81' lang='lat' dir='ltr'><strong>externe</strong></span> <span class='ocrx_word' id='word_1_198' title='bbox 1070 2975 1174 3045; x_wconf 78' lang='lat' dir='ltr'><strong>byalina</strong></span> <span class='ocrx_word' id='word_1_199' title='bbox 1193 2976 1334 3031; x_wconf 78' lang='lat' dir='ltr'><strong>lateraliter</strong></span> <span class='ocrx_word' id='word_1_200' title='bbox 1345 2982 1471 3046; x_wconf 71' lang='lat' dir='ltr'><strong>procedit</strong></span> 
     </span>
     <span class='ocr_line' id='line_1_27' title="bbox 390 3059 1533 3138; baseline 0.007 -25"><span class='ocrx_word' id='word_1_201' title='bbox 390 3061 482 3115; x_wconf 73' lang='lat' dir='ltr'><strong>latiore</strong></span> <span class='ocrx_word' id='word_1_202' title='bbox 505 3059 572 3114; x_wconf 78' lang='lat' dir='ltr'><strong>linea</strong></span> <span class='ocrx_word' id='word_1_203' title='bbox 597 3060 714 3116; x_wconf 74' lang='lat' dir='ltr'><strong>verticuli</strong></span> <span class='ocrx_word' id='word_1_204' title='bbox 738 3063 923 3116; x_wconf 78' lang='lat' dir='ltr'><strong>commimureli</strong></span> <span class='ocrx_word' id='word_1_205' title='bbox 948 3064 1230 3134; x_wconf 71' lang='lat' dir='ltr'><strong>anguloso-serpentina</strong></span> <span class='ocrx_word' id='word_1_206' title='bbox 1255 3075 1358 3118; x_wconf 77' lang='lat' dir='ltr'><strong>axente</strong></span> <span class='ocrx_word' id='word_1_207' title='bbox 1377 3077 1438 3135; x_wconf 79' lang='lat' dir='ltr'><strong>eet,</strong></span> <span class='ocrx_word' id='word_1_208' title='bbox 1461 3079 1533 3138; x_wconf 61' lang='lat' dir='ltr'><strong>«aar</strong></span> 
     </span>
     <span class='ocr_line' id='line_1_28' title="bbox 389 3147 1526 3222; baseline 0.008 -20"><span class='ocrx_word' id='word_1_209' title='bbox 389 3159 461 3204; x_wconf 71' lang='lat' dir='ltr'><strong>teme</strong></span> <span class='ocrx_word' id='word_1_210' title='bbox 479 3147 586 3218; x_wconf 77' lang='lat' dir='ltr'><strong>pulchre</strong></span> <span class='ocrx_word' id='word_1_211' title='bbox 605 3151 719 3204; x_wconf 76' lang='lat' dir='ltr'><strong>annuntia</strong></span> <span class='ocrx_word' id='word_1_212' title='bbox 737 3167 802 3220; x_wconf 74' lang='lat' dir='ltr'><strong>quae</strong></span> <span class='ocrx_word' id='word_1_213' title='bbox 826 3150 908 3204; x_wconf 82' lang='lat' dir='ltr'><strong>solum</strong></span> <span class='ocrx_word' id='word_1_214' title='bbox 927 3151 1096 3208; x_wconf 76' lang='lat' dir='ltr'><strong>berizontnlen</strong></span> <span class='ocrx_word' id='word_1_215' title='bbox 1121 3151 1202 3206; x_wconf 79' lang='lat' dir='ltr'><strong>lineas</strong></span> <span class='ocrx_word' id='word_1_216' title='bbox 1221 3151 1334 3220; x_wconf 76' lang='lat' dir='ltr'><strong>exbibet,</strong></span> <span class='ocrx_word' id='word_1_217' title='bbox 1364 3155 1488 3222; x_wconf 75' lang='lat' dir='ltr'><strong>perbelle</strong></span> <span class='ocrx_word' id='word_1_218' title='bbox 1522 3159 1526 3167; x_wconf 85' lang='lat'>&#39;</span> 
     </span>
     <span class='ocr_line' id='line_1_29' title="bbox 389 3247 507 3306; baseline -0.008 -16"><span class='ocrx_word' id='word_1_219' title='bbox 389 3247 507 3306; x_wconf 60' lang='lat' dir='ltr'><strong>uantur.</strong></span> 
     </span>
    </p>
   </div>
   <div class='ocr_carea' id='block_1_4' title="bbox 847 3425 1130 3638">
    <p class='ocr_par' dir='ltr' id='par_1_15' title="bbox 847 3425 1130 3638">
     <span class='ocr_line' id='line_1_30' title="bbox 874 3425 1103 3490; baseline 0 0"><span class='ocrx_word' id='word_1_220' title='bbox 874 3425 998 3490; x_wconf 69' lang='lat' dir='ltr'><strong>Fam.</strong></span> <span class='ocrx_word' id='word_1_221' title='bbox 1040 3425 1103 3490; x_wconf 90' lang='grc' dir='ltr'><strong>ΙΙ.</strong></span> 
     </span>
     <span class='ocr_line' id='line_1_31' title="bbox 847 3562 1130 3638; baseline 0.011 -5"><span class='ocrx_word' id='word_1_222' title='bbox 847 3562 1130 3638; x_wconf 70' lang='lat' dir='ltr'><strong>nicolusio.</strong></span> 
     </span>
    </p>
   </div>
   <div class='ocr_carea' id='block_1_5' title="bbox 389 3711 1555 4324">
    <p class='ocr_par' dir='ltr' id='par_1_16' title="bbox 389 3711 1555 4324">
     <span class='ocr_line' id='line_1_32' title="bbox 477 3711 1522 3801; baseline 0.001 -22"><span class='ocrx_word' id='word_1_223' title='bbox 477 3715 598 3780; x_wconf 75' lang='lat' dir='ltr'><strong>Plantae</strong></span> <span class='ocrx_word' id='word_1_224' title='bbox 621 3713 748 3776; x_wconf 88' lang='lat' dir='ltr'><strong>bumiles</strong></span> <span class='ocrx_word' id='word_1_225' title='bbox 769 3711 817 3776; x_wconf 89' lang='lat' dir='ltr'><strong>vel</strong></span> <span class='ocrx_word' id='word_1_226' title='bbox 840 3715 1032 3795; x_wconf 84' lang='lat' dir='ltr'><strong>proceriores</strong></span> <span class='ocrx_word' id='word_1_227' title='bbox 1055 3723 1085 3778; x_wconf 89' lang='lat' dir='ltr'><strong>et</strong></span> <span class='ocrx_word' id='word_1_228' title='bbox 1108 3718 1329 3798; x_wconf 81' lang='lat' dir='ltr'><strong>procerrimae,</strong></span> <span class='ocrx_word' id='word_1_229' title='bbox 1354 3717 1413 3780; x_wconf 84' lang='lat' dir='ltr'><strong>sub</strong></span> <span class='ocrx_word' id='word_1_230' title='bbox 1438 3721 1522 3801; x_wconf 79' lang='lat' dir='ltr'><strong>apice</strong></span> 
     </span>
     <span class='ocr_line' id='line_1_33' title="bbox 391 3814 1538 3902; baseline -0.003 -17"><span class='ocrx_word' id='word_1_231' title='bbox 391 3829 551 3898; x_wconf 88' lang='lat' dir='ltr'><strong>novantes‚</strong></span> <span class='ocrx_word' id='word_1_232' title='bbox 583 3819 824 3882; x_wconf 79' lang='lat' dir='ltr'><strong>innovationibus</strong></span> <span class='ocrx_word' id='word_1_233' title='bbox 855 3819 992 3901; x_wconf 79' lang='lat' dir='ltr'><strong>repetitis</strong></span> <span class='ocrx_word' id='word_1_234' title='bbox 1021 3820 1134 3902; x_wconf 91' lang='lat' dir='ltr'><strong>pluries</strong></span> <span class='ocrx_word' id='word_1_235' title='bbox 1158 3814 1357 3888; x_wconf 85' lang='lat' dir='ltr'><strong>dichotomae.</strong></span> <span class='ocrx_word' id='word_1_236' title='bbox 1403 3823 1488 3886; x_wconf 74' lang='lat' dir='ltr'><strong>Folia</strong></span> <span class='ocrx_word' id='word_1_237' title='bbox 1512 3825 1538 3884; x_wconf 90' lang='lat' dir='ltr'><strong>in</strong></span> 
     </span>
     <span class='ocr_line' id='line_1_34' title="bbox 390 3923 1494 4006; baseline 0.001 -17"><span class='ocrx_word' id='word_1_238' title='bbox 390 3926 448 3990; x_wconf 82' lang='lat' dir='ltr'><strong>late</strong></span> <span class='ocrx_word' id='word_1_239' title='bbox 471 3925 668 3989; x_wconf 85' lang='lat' dir='ltr'><strong>lunceolatam</strong></span> <span class='ocrx_word' id='word_1_240' title='bbox 702 3923 824 3988; x_wconf 77' lang='lat' dir='ltr'><strong>formam</strong></span> <span class='ocrx_word' id='word_1_241' title='bbox 855 3932 886 3988; x_wconf 89' lang='lat' dir='ltr'><strong>et</strong></span> <span class='ocrx_word' id='word_1_242' title='bbox 913 3925 1081 3991; x_wconf 86' lang='lat' dir='ltr'><strong>subulatam</strong></span> <span class='ocrx_word' id='word_1_243' title='bbox 1115 3927 1276 4006; x_wconf 85' lang='lat' dir='ltr'><strong>variantia,</strong></span> <span class='ocrx_word' id='word_1_244' title='bbox 1309 3925 1390 3992; x_wconf 85' lang='lat' dir='ltr'><strong>baud</strong></span> <span class='ocrx_word' id='word_1_245' title='bbox 1420 3946 1494 3990; x_wconf 86' lang='lat' dir='ltr'><strong>raro</strong></span> 
     </span>
     <span class='ocr_line' id='line_1_35' title="bbox 391 4028 1545 4116; baseline 0.002 -24"><span class='ocrx_word' id='word_1_246' title='bbox 391 4031 577 4116; x_wconf 78' lang='lat' dir='ltr'><strong>vaginentia,</strong></span> <span class='ocrx_word' id='word_1_247' title='bbox 600 4037 731 4108; x_wconf 82' lang='lat' dir='ltr'><strong>costato,</strong></span> <span class='ocrx_word' id='word_1_248' title='bbox 755 4029 867 4109; x_wconf 86' lang='lat' dir='ltr'><strong>laevia,</strong></span> <span class='ocrx_word' id='word_1_249' title='bbox 891 4047 961 4095; x_wconf 90' lang='lat' dir='ltr'><strong>raro</strong></span> <span class='ocrx_word' id='word_1_250' title='bbox 983 4031 1068 4114; x_wconf 88' lang='lat' dir='ltr'><strong>apice</strong></span> <span class='ocrx_word' id='word_1_251' title='bbox 1093 4033 1205 4095; x_wconf 85' lang='lat' dir='ltr'><strong>minute</strong></span> <span class='ocrx_word' id='word_1_252' title='bbox 1227 4031 1390 4115; x_wconf 74' lang='lat' dir='ltr'><strong>papillam,</strong></span> <span class='ocrx_word' id='word_1_253' title='bbox 1421 4033 1482 4096; x_wconf 81' lang='lat' dir='ltr'><strong>reti</strong></span> <span class='ocrx_word' id='word_1_254' title='bbox 1505 4028 1545 4094; x_wconf 80' lang='grc' dir='ltr'><strong>ι’</strong></span> 
     </span>
     <span class='ocr_line' id='line_1_36' title="bbox 389 4133 1555 4222; baseline -0.003 -25"><span class='ocrx_word' id='word_1_255' title='bbox 389 4133 535 4218; x_wconf 78' lang='lat' dir='ltr'><strong>quadrua</strong></span> <span class='ocrx_word' id='word_1_256' title='bbox 558 4133 799 4218; x_wconf 79' lang='lat' dir='ltr'><strong>ebloropbvlloso</strong></span> <span class='ocrx_word' id='word_1_257' title='bbox 828 4135 892 4198; x_wconf 84' lang='lat' dir='ltr'><strong>basi</strong></span> <span class='ocrx_word' id='word_1_258' title='bbox 926 4137 1066 4218; x_wconf 73' lang='lat' dir='ltr'><strong>elongato</strong></span> <span class='ocrx_word' id='word_1_259' title='bbox 1098 4138 1147 4200; x_wconf 87' lang='lat' dir='ltr'><strong>vel</strong></span> <span class='ocrx_word' id='word_1_260' title='bbox 1176 4137 1356 4222; x_wconf 75' lang='lat' dir='ltr'><strong>rectiangulo</strong></span> <span class='ocrx_word' id='word_1_261' title='bbox 1389 4137 1439 4201; x_wconf 89' lang='lat' dir='ltr'><strong>vel</strong></span> <span class='ocrx_word' id='word_1_262' title='bbox 1474 4139 1503 4200; x_wconf 90' lang='lat' dir='ltr'><strong>in</strong></span> <span class='ocrx_word' id='word_1_263' title='bbox 1525 4141 1555 4196; x_wconf 82' lang='lat' dir='ltr'><strong>ut</strong></span> 
     </span>
     <span class='ocr_line' id='line_1_37' title="bbox 390 4238 1544 4324; baseline -0.001 -23"><span class='ocrx_word' id='word_1_264' title='bbox 390 4239 461 4302; x_wconf 86' lang='lat' dir='ltr'><strong>lolio</strong></span> <span class='ocrx_word' id='word_1_265' title='bbox 484 4238 615 4322; x_wconf 73' lang='lat' dir='ltr'><strong>oblongo</strong></span> <span class='ocrx_word' id='word_1_266' title='bbox 638 4248 669 4302; x_wconf 90' lang='lat' dir='ltr'><strong>et</strong></span> <span class='ocrx_word' id='word_1_267' title='bbox 692 4240 876 4324; x_wconf 68' lang='lat' dir='ltr'><strong>reclangulm</strong></span> <span class='ocrx_word' id='word_1_268' title='bbox 901 4240 930 4302; x_wconf 90' lang='lat' dir='ltr'><strong>in</strong></span> <span class='ocrx_word' id='word_1_269' title='bbox 947 4258 1016 4324; x_wconf 82' lang='lat' dir='ltr'><strong>gen.</strong></span> <span class='ocrx_word' id='word_1_270' title='bbox 1036 4241 1173 4305; x_wconf 74' lang='lat' dir='ltr'><strong>Dierono</strong></span> <span class='ocrx_word' id='word_1_271' title='bbox 1195 4241 1260 4306; x_wconf 88' lang='lat' dir='ltr'><strong>basi</strong></span> <span class='ocrx_word' id='word_1_272' title='bbox 1284 4241 1452 4306; x_wconf 80' lang='lat' dir='ltr'><strong>sublineeri</strong></span> <span class='ocrx_word' id='word_1_273' title='bbox 1476 4241 1544 4306; x_wconf 81' lang='lat' dir='ltr'><strong>nir</strong></span> 
     </span>
    </p>
   </div>
   <div class='ocr_carea' id='block_1_6' title="bbox 390 4447 1548 4640">
    <p class='ocr_par' dir='ltr' id='par_1_17' title="bbox 390 4447 1557 4660">
     <span class='ocr_line' id='line_1_38' title="bbox 390 4447 1512 4534; baseline -0.004 -22"><span class='ocrx_word' id='word_1_274' title='bbox 390 4449 448 4514; x_wconf 79' lang='lat' dir='ltr'><strong>teu</strong></span> <span class='ocrx_word' id='word_1_275' title='bbox 472 4449 647 4534; x_wconf 76' lang='lat' dir='ltr'><strong>majuscula.</strong></span> <span class='ocrx_word' id='word_1_276' title='bbox 692 4447 819 4530; x_wconf 79' lang='lat' dir='ltr'><strong>capsula</strong></span> <span class='ocrx_word' id='word_1_277' title='bbox 841 4455 943 4511; x_wconf 86' lang='lat' dir='ltr'><strong>erecta</strong></span> <span class='ocrx_word' id='word_1_278' title='bbox 971 4449 1018 4512; x_wconf 88' lang='lat' dir='ltr'><strong>vel</strong></span> <span class='ocrx_word' id='word_1_279' title='bbox 1049 4467 1180 4528; x_wconf 85' lang='lat' dir='ltr'><strong>cernua,</strong></span> <span class='ocrx_word' id='word_1_280' title='bbox 1211 4453 1402 4530; x_wconf 76' lang='lat' dir='ltr'><strong>svmmeln&#39;ce</strong></span> <span class='ocrx_word' id='word_1_281' title='bbox 1425 4452 1476 4514; x_wconf 83' lang='lat' dir='ltr'><strong>vel</strong></span> <span class='ocrx_word' id='word_1_282' title='bbox 1504 4451 1512 4508; x_wconf 88' lang='lat' dir='ltr'><strong>i</strong></span> 
     </span>
     <span class='ocr_line' id='line_1_39' title="bbox 390 4552 1548 4640; baseline -0.003 -23"><span class='ocrx_word' id='word_1_283' title='bbox 390 4554 496 4640; x_wconf 79' lang='lat' dir='ltr'><strong>quella.</strong></span> <span class='ocrx_word' id='word_1_284' title='bbox 535 4552 716 4636; x_wconf 79' lang='lat' dir='ltr'><strong>operculum</strong></span> <span class='ocrx_word' id='word_1_285' title='bbox 733 4569 889 4636; x_wconf 78' lang='lat' dir='ltr'><strong>magnum,</strong></span> <span class='ocrx_word' id='word_1_286' title='bbox 913 4552 1087 4636; x_wconf 85' lang='lat' dir='ltr'><strong>plerumque</strong></span> <span class='ocrx_word' id='word_1_287' title='bbox 1111 4554 1337 4640; x_wconf 75' lang='lat' dir='ltr'><strong>longiroslrum.</strong></span> <span class='ocrx_word' id='word_1_288' title='bbox 1378 4557 1548 4620; x_wconf 82' lang='lat' dir='ltr'><strong>l’eristomia</strong></span> 
     </span>
    </p>
   </div>
   <div class='ocr_carea' id='block_1_7' title="bbox 0 0 1569 5362">
    <p class='ocr_par' dir='ltr' id='par_1_18' title="bbox 0 0 1569 5362">
     <span class='ocr_line' id='line_1_40' title="bbox 0 0 1569 5362; baseline 0 0"><span class='ocrx_word' id='word_1_289' title='bbox 0 0 1569 5362; x_wconf 95' lang='lat' dir='ltr'><strong> </strong></span> 
     </span>
    </p>
   </div>
  </div>
 </body>
</html>
