3104 5364
787 347 789 352 '
869 347 1025 404 Patriacore.

540 519 621 586 scat
643 519 687 582 11.
732 519 907 600 captata
929 539 1080 584 cernon
1103 523 1164 584 ael
1185 522 1366 587 deniare.

737 656 766 725 n.
811 659 1010 726 bananica
1032 674 1169 729 oomnis.

744 798 879 866 Didymon.
899 800 1022 854 latifoliae
1043 802 1174 856 Wnntnnn.

444 919 569 986 llnmilis
585 923 675 1006 longe
697 920 817 1004 lateque
839 925 1044 1006 caespitosus,
1067 927 1217 1007 caespites
1242 925 1419 1006 interrupti,
1445 925 1542 1004 irregu

358 1028 446 1091 lares,
493 1027 573 1090 Folia
605 1029 753 1112 patentia,
782 1028 862 1090 sicea
887 1029 1189 1111 subtorquescentia‚
1221 1029 1368 1092 inferiora
1402 1047 1446 1091 ex
1476 1029 1545 1088 orati

363 1133 522 1216 superiora
545 1130 632 1196 valde
656 1130 791 1195 conlarta
815 1152 833 1194 e
856 1133 1024 1217 spathulato
1047 1133 1228 1215 lanceolata,
1252 1134 1394 1216 margine
1420 1133 1501 1214 subp

361 1235 585 1300 obsoletissime
609 1247 736 1317 serrata,
769 1237 887 1320 papillis
903 1238 1064 1320 geminatis
1088 1239 1255 1319 crenulata,
1278 1246 1368 1301 costa
1392 1239 1465 1300 ruia
1480 1255 1545 1297 ene

362 1343 455 1404 dente
478 1343 752 1422 rulo-mucronata,
782 1342 875 1406 dorso
904 1341 990 1406 valde
1020 1345 1183 1427 papillosa,
1210 1343 1328 1408 cellulis
1353 1342 1511 1427 superiori

363 1448 531 1530 hexagonis
554 1435 674 1510 minutis
696 1446 962 1530 chloroplytlosis,
986 1447 1181 1512 inferioribus
1206 1448 1300 1512 multo
1323 1450 1497 1532 majoribus

365 1552 642 1638 longo-bexagonis
665 1549 784 1616 inflatis.
830 1552 898 1615 Flos
923 1553 1072 1616 masculus
1096 1553 1229 1616 femineo
1252 1555 1500 1634 approximetis,

366 1655 494 1739 phyllos,
518 1652 693 1719 antberidiis
716 1656 836 1740 longius
859 1657 987 1740 stipatis,
1011 1656 1231 1738 paraphysibus
1254 1655 1456 1742 longioribus
1480 1657 1534 1716 clm

367 1762 415 1825 tis.
448 1761 574 1844 capsula
597 1762 627 1824 in
643 1761 791 1844 pedicello
807 1761 925 1826 rabello
941 1781 1064 1842 cernua,
1089 1762 1210 1845 turgide
1233 1769 1333 1842 ovata,
1360 1761 1460 1826 solidi

368 1867 490 1932 eluteo
514 1867 596 1932 lusca
619 1874 716 1934 aetate
741 1865 877 1930 brunnca
903 1873 936 1930 et
957 1868 1120 1950 nigricans.
1154 1867 1338 1949 Oparculurn
1365 1887 1386 1930 e
1413 1868 1484 1930 basi

370 1991 445 2036 vexa
467 1973 696 2035 brevirostrum.
727 1970 866 2034 Annulus
890 1990 929 2034 ex
951 1973 1039 2035 unica
1063 1972 1145 2036 serie
1169 1972 1347 2035 cellularum
1375 1971 1493 2036 rotund

371 2076 554 2158 hyalinarum
596 2085 626 2140 et
661 2096 679 2138 e
725 2076 860 2158 pluribus
897 2078 1037 2140 seriebus
1078 2077 1262 2150 cellularum
1298 2077 1496 2160 pachyderm

368 2173 607 2246 'rulo-bracarum
638 2181 801 2260 formatus,
830 2181 1006 2264 persistens.
1051 2181 1167 2245 Dentes
1198 2183 1372 2265 peristomii
1405 2179 1446 2246 16
1476 2183 1514 2244 bi·

370 2287 528 2367 tricrures,
552 2287 690 2349 eruribus
708 2284 895 2350 lililorrnibus
911 2286 1016 2350 liberis
1033 2286 1081 2350 vel
1097 2288 1204 2368 partim
1219 2288 1482 2367 cohaerentibus,
1498 2300 1537 2349 ru·

372 2393 525 2474 purpurei.
571 2391 744 2456 Membrana
774 2391 941 2473 capsularis
972 2410 989 2454 e
1021 2391 1137 2454 cellulis
1168 2390 1369 2473 leptoderrnis
1396 2393 1470 2456 laxe
1492 2401 1519 2453 ta

373 2497 487 2581 Sporae
511 2497 668 2576 maximae,
692 2495 906 2560 tuberculatae.
952 2495 1050 2578 Bryol
1074 2513 1178 2579 europ.
1201 2495 1235 2574 ll,
1259 2495 1330 2560 Tab.
1360 2495 1443 2564 134.

374 2621 496 2700 Didpm.
520 2618 680 2700 latifoliae,
704 2617 783 2681 loliis
806 2619 957 2702 oblongis,
982 2619 1105 2701 capsula
1120 2619 1250 2702 oblonga
1275 2635 1414 2702 cernua,
1440 2621 1520 2685 denti

503 2723 672 2805 perforatis,
719 2723 870 2786 Wannnna.
895 2723 936 2786 tn.
960 2723 1035 2806 lapp.
1060 2743 1089 2805 p.
1112 2721 1187 2802 313,
1210 2725 1281 2788 lab.
1305 2721 1360 2788 20.

376 2829 528 2912 opacam
549 2828 698 2908 latifoliae
722 2829 887 2892 &anianum
912 2829 1012 2910 Suppl.
1035 2828 1058 2908 l,
1104 2827 1183 2894 Bato.
1208 2827 1306 2910 Brpol
1328 2831 1423 2892 univ.
1546 2847 1547 2858 ¹

375 2934 585 2999 Dermatodon
607 2952 738 2997 canuae
760 2933 844 2999 Base.
873 2941 904 2996 et
932 2935 1030 2998 scara
1064 2933 1164 3014 llryol.
1193 2952 1260 2998 eur.
1304 2932 1338 2998 (l.
1365 2871 1547 3034 libata-‘4

506 3037 537 3103 C.
562 3037 670 3102 mara.
694 3037 804 3102 Skand.
828 3037 940 3104 n1.ao.
964 3039 995 3102 b'.
1546 3037 1547 3128 l

463 3163 566 3226 llolrit.
590 3161 619 3224 in
642 3159 760 3243 rupium
783 3157 900 3223 fissuris
917 3167 1006 3242 atque
1029 3160 1060 3222 in
1076 3161 1169 3222 muris
1192 3158 1321 3222 humidis
1345 3162 1496 3246 regionis

380 3266 497 3350 alpinae
520 3273 552 3328 et
573 3266 701 3348 alpinae,
725 3265 761 3326 ad
786 3282 868 3328 mara
891 3265 922 3326 in
945 3281 1022 3328 aona
1045 3263 1287 3346 septentrionali:
1318 3265 1348 3326 in
1377 3265 1504 3330 fissuris

379 3371 457 3437 olidis
487 3369 680 3452 scopulorum
710 3369 883 3432 littoraliunr
908 3371 993 3453 juxta
1025 3387 1107 3432 mare
1122 3365 1257 3453 'glaciale
1288 3369 1418 3435 insulae
1533 3377 1537 3382 '

380 3474 599 3554 Finnmarkiae,
615 3475 666 3538 ubi
683 3475 880 3538 Wramnnaaa
895 3475 1021 3555 deurit,
1044 3476 1075 3537 in
1090 3492 1182 3539 arena
1198 3483 1352 3557 pratorum
1372 3477 1479 3540 marii.
1492 3473 1515 3537 ι’

381 3577 498 3645 laodice
521 3580 753 3656 (somareon),
775 3585 929 3642 caeterum
959 3579 1034 3642 locis
1062 3587 1110 3642 sat
1132 3580 1303 3644 numerosis
1328 3581 1471 3646 sueciae
1498 3601 1513 3642 a

382 3683 567 3766 norvegiam
590 3684 622 3746 in
644 3683 709 3767 Alp.
725 3683 1000 3766 Soblebernpebirg
1022 3683 1243 3763 (munaus),
1266 3685 1296 3746 in
1319 3683 1407 3750 valle
1433 3687 1522 3750 Acuta

383 3789 459 3851 viam
481 3807 521 3852 m.
547 3789 599 3851 Sti.
624 3787 804 3868 bernhardi,
828 3788 866 3852 ad
889 3805 982 3872 rupes
1004 3788 1178 3852 molossicas
1208 3789 1303 3870 ipsius
1327 3790 1425 3854 urbia
1447 3783 1517 3854 tarr

384 3893 538 3972 (Sauras),
569 3895 599 3956 in
623 3911 660 3958 m.
686 3893 815 3958 Cramer
840 3911 935 3978 prope
959 3893 1199 3958 Partenkirolaea
1221 3893 1290 3975 Alp.
1320 3893 1430 3962 bavar.
1455 3895 1492 3959 ad

384 3997 516 4063 dolomit·
539 3997 588 4060 alt.
612 3997 705 4061 5000‘
728 3998 791 4078 (Fa.
815 4001 960 4080 Annona),
985 4016 1079 4082 prope
1102 3998 1211 4062 lleran
1233 3999 1333 4080 Tyrol.
1357 3999 1475 4066 marta
1496 3999 1542 4072 (lla

384 4108 521 4184 amsaa);
545 4103 610 4185 ipse
632 4103 843 4185 copiosissime
865 4104 927 4188 legi
949 4105 980 4167 in
1004 4107 1097 4167 muris
1119 4121 1214 4187 prope
1240 4105 1352 4188 Trasoi
1377 4107 1491 4188 Tyrol,
1510 4105 1538 4164 lo

386 4206 532 4270 similibus
549 4209 580 4270 in
596 4227 634 4270 m.
650 4207 839 4272 Radrmdler
856 4209 979 4272 Taren
1000 4207 1078 4271 inira
1094 4209 1162 4272 aean
1180 4209 1399 4276 laminae.
1431 4211 1524 4274 lit'an

388 4311 548 4374 nicanora
571 4312 658 4377 arrisit.

474 4419 577 4480 l'raol.
602 4427 712 4480 nratnr.
736 4417 825 4496 lulio,
852 4419 998 4499 Augusto.

356 4740 449 4872 Ι
