3104 5368
379 401 443 467 Μ
910 402 1050 471 Βηιιιιιι.

378 587 439 649 alte
462 581 649 666 pedioellata,
675 597 798 658 cornua,
822 579 935 640 ecollo
957 578 1043 640 brevi
1058 575 1180 661 turgido
1195 577 1333 656 onorata,
1349 577 1444 650 striata,
1459 595 1520 658 opu·

377 689 446 752 culo
477 689 591 750 minuto
619 685 815 760 reclirostro,
853 682 964 754 annulo
994 681 1085 744 nullo.
1130 682 1340 745 Peristomium
1369 682 1484 762 simplex.
1510 700 1522 740 ι

378 792 518 856 dentibus
537 790 576 852 lli
599 789 694 851 lirmis
717 789 828 871 longis,
850 787 1154 864 lineali-lanceolatis,
1170 787 1201 848 in
1217 803 1329 848 conum
1343 787 1523 848 conniventium

377 898 474 976 (unde
497 900 632 972 nornenl,
657 895 803 974 apiceque
827 891 945 954 coalitis
969 891 1177 972 compositum.
1224 891 1341 972 Sporae
1368 889 1524 972 magnitudine

378 1001 559 1065 mediocres.
604 997 752 1060 llabitatio
775 995 941 1058 terrestris.

377 1110 557 1187 Burlr'omio
578 1120 657 1183 Baro.
681 1119 760 1181 olim.
782 1117 867 1180 Buca.
891 1124 923 1180 el
946 1117 1026 1181 Scan.
1049 1115 1147 1197 Bryol.
1171 1135 1238 1181 eur.
1284 1117 1426 1180 urim
1444 1116 1513 1176 Sura

378 1229 596 1290 Conoatomum
628 1224 751 1288 Suanrz
782 1224 813 1286 in
837 1223 957 1286 Scnaao.
991 1221 1025 1286 N.
1053 1219 1293 1303 nantoani,
1319 1221 1350 1283 P.
1371 1219 1405 1282 lll
1425 1227 1452 1282 et
1472 1237 1528 1278 oron.

461 1336 672 1518 Erspzzlilekbus
696 1440 824 1516 quatuor
848 1433 886 1496 ad
909 1431 988 1495 diem
1012 1431 1091 1494 notia
1113 1447 1173 1492 una
1195 1429 1293 1492 solum
1318 1446 1458 1510 europam
1475 1433 1515 1488 cst

792 1642 1000 1708 corosanum
1024 1639 1157 1707 loreale.
1255 1664 1261 1677 =

772 1781 868 1848 Bryum
894 1791 1054 1850 tetragonum
1084 1779 1169 1832 ῠιιιιι.

460 1903 607 1967 Pulvinuli
630 1906 680 1968 vel
701 1905 855 1986 caespites
877 1903 981 1968 tumidi
1003 1903 1160 1986 compacti,
1182 1921 1320 1986 superne
1335 1899 1530 1988 gurcensis

373 2007 494 2070 lnleme
531 2007 708 2092 ferruginei.
753 2010 835 2073 Folia
869 2007 967 2074 dense
1002 2008 1241 2091 quinquefariam
1276 2009 1445 2088 imbricata,
1474 2013 1530 2068 rost

373 2111 492 2193 paulum
524 2112 581 2175 anu
608 2113 658 2176 uel
689 2113 766 2177 ultra
800 2113 916 2195 apicem
948 2113 1112 2194 producta,
1143 2112 1292 2191 carinula,
1329 2115 1413 2196 apice
1439 2115 1530 2174 serula

373 2232 485 2297 opaca,
517 2214 653 2300 fragilia,
691 2217 914 2298 periclaetialia
946 2217 1083 2300 longiora
1113 2222 1233 2296 erecta,
1268 2217 1393 2280 interna
1421 2215 1527 2278 tenuion

372 2318 500 2401 Capsula
532 2319 653 2404 turgide
688 2320 833 2398 ollonata,
866 2321 946 2384 sicca
977 2338 1071 2384 uacua
1103 2321 1238 2384 brunnen
1273 2320 1423 2402 profunde
1443 2317 1532 2380 sumta

372 2421 540 2488 Peristomii
561 2423 670 2488 (lentes
692 2423 1058 2500 trabeculam-articulati,
1090 2423 1250 2505 purpurei,
1282 2425 1422 2487 siccitate
1448 2421 1530 2484 infern

371 2527 408 2588 ab
431 2527 559 2590 invicem
580 2527 690 2592 remoti
711 2528 859 2610 apiceque
882 2527 1014 2590 connati.
1058 2525 1158 2610 Brpol.
1182 2545 1246 2590 eur.
1270 2525 1323 2608 w,
1347 2527 1418 2592 rao.
1434 2523 1492 2588 322

372 2644 489 2727 Bryum
521 2655 713 2729 conopoeum
750 2649 882 2732 capsulis
915 2648 1126 2714 erectiusoulis
1157 2647 1357 2732 subglobosis
1395 2657 1531 2726 tempora

496 2753 666 2834 junioribus
682 2752 1010 2833 scandenti-flexuosis,
1024 2752 1105 2816 loliis
1117 2751 1274 2835 adpressis
1285 2749 1541 2818 lineari-sumtum

499 2855 599 2920 Draus.
621 2857 705 2920 lasa.
728 2855 882 2938 cryptll,
905 2855 988 2938 p.8,
1013 2863 1033 2921 t.
1054 2855 1086 2920 4.

372 2957 521 3022 θήιιιιιιὲα
543 2968 725 3024 ιοιιιιιιιιιιι
747 2959 826 3022 loliis
851 2959 1027 3024 lanceolatis
1056 2961 1214 3024 serrulatis
1242 2961 1480 3046 quinquelarian
1502 2959 1540 3039 »l

499 3062 622 3126 orimus
646 3064 733 3128 sium
754 3062 842 3148 Engl
864 3062 930 3128 Bot

373 3165 547 3230 Conoatom.
570 3165 695 3230 boreale
729 3167 849 3230 Sutura
878 3165 897 3230 l.
921 3185 947 3229 c.
970 3163 1086 3246 (1806)
1118 3187 1143 3230 ι.
1166 3167 1266 3232 icone.
1312 3171 1529 3334 wmo„
1484 3135 1539 3230 ilai

496 3268 574 3350 lapp.
624 3269 789 3334 8οιιινιιιιι.
814 3267 954 3352 Suppli,
982 3269 1012 3332 Ρ.
1036 3269 1061 3334 l.
1102 3268 1182 3334 Bam.
1205 3270 1307 3356 Bryol.
1332 3275 1415 3338 unia.

499 3370 609 3436 cnroll.
654 3371 688 3434 C.
710 3371 826 3438 lluamn
851 3374 979 3456 Spnops.
1024 3373 1161 3438 llanmn
1184 3374 1296 3440 Skaud.
1325 3379 1409 3444 Flos.
1448 3379 1534 3440 ιιιιι·

496 3471 597 3557 Brpol
619 3473 692 3542 Brit.
1536 3475 1537 3590 p

453 3594 557 3658 liubit.
580 3593 619 3660 ad
639 3603 751 3660 terram
774 3596 925 3661 humidam
949 3615 1132 3664 summarum
1154 3601 1274 3685 Alpium
1308 3605 1414 3668 rarius
1439 3605 1466 3666 in
1484 3613 1536 3690 uoq

365 3697 563 3780 intermedia,
596 3703 752 3766 rarissime
776 3701 806 3764 in
829 3700 1035 3784 meridionali,
1067 3703 1190 3787 copiose
1218 3724 1275 3788 por
1296 3707 1536 3792 septentrionum

367 3817 464 3884 usque
487 3803 518 3864 in
542 3802 728 3868 latitudinem
749 3805 986 3888 hyperboream:
1009 3825 1100 3889 parce
1116 3809 1305 3874 fructiferum
1325 3812 1390 3896 legi
1406 3811 1481 3890 inlp

367 3903 444 3987 Alpe
460 3907 586 3987 Steloio,
609 3907 639 3971 in
661 3926 776 3972 summa
800 3910 932 3973 Grinuel
945 3928 1054 3974 versus
1068 3913 1249 3992 Sidellmra,
1274 3916 1305 3978 in
1322 3935 1440 3982 sumam
1455 3917 1487 3976 Al

367 4009 544 4090 llalnetiae,
578 4013 683 4076 sterile
706 4013 736 4076 in
760 4032 876 4077 summo
899 4015 1033 4078 Pioucleo
1057 4017 1095 4096 de
1121 4017 1222 4080 Veteto
1254 4019 1421 4102 llispaniaa
1504 4017 1507 4026 ’

367 4113 491 4194 copiose
526 4113 713 4180 lructilerum
747 4135 802 4199 per
834 4125 928 4180 toturn
955 4119 1062 4202 jugum
1095 4120 1342 4186 scandinavicum
1373 4133 1404 4188 ot
1432 4126 1439 4141 ⁸

367 4213 404 4276 ad
441 4212 548 4296 pedem
585 4215 623 4283 lt.
661 4221 847 4283 Sneelrllttun
888 4219 1077 4303 Norvegiae;
1124 4222 1314 4290 abundanter
1362 4247 1417 4310 per
1456 4247 1496 4288 ιι

366 4315 534 4398 Lapponiaa
565 4323 703 4388 occurrit.
747 4323 832 4386 llaud
864 4339 964 4386 rarum
998 4331 1048 4387 est
1076 4326 1106 4387 in
1144 4327 1286 4394 American
1325 4331 1467 4415 septunt'

365 4419 530 4502 praecipue
553 4419 582 4482 in
606 4427 781 4508 regionibns
804 4427 871 4511 ejus
894 4426 1077 4509 glacialibus.

453 4522 556 4587 Fruct.
581 4537 689 4594 motor.
712 4539 827 4597 aestate
850 4539 882 4595 et
903 4538 1072 4596 auctumno.
