3144 5366
544 356 737 426 Spbagnaeare.
1173 355 1238 416 0Ίο

51 527 218 610 spiam
238 533 412 596 imarum
433 531 513 596 Nuus
540 539 573 594 et
594 531 738 596 lloausca.
760 531 860 614 Bryol.
883 551 981 616 geram
996 533 1032 614 ll,
1055 554 1084 614 p.
1104 534 1190 612 ll‚t
1211 535 1237 599 l.

52 634 118 714 θρὰ
138 644 329 718 compactam
352 637 462 712 (baro.)
483 637 604 700 Wnsor
626 636 726 719 Bryol.
748 636 821 702 Brit.

130 755 231 820 Hobit.
254 759 284 820 in
309 758 431 822 orioetis
454 756 600 838 humidis,
637 754 674 820 ad
697 757 841 822 montium
863 757 957 822 latera
980 759 1129 842 uliginosa
1152 767 1184 823 at
1204 761 1236 823 itt

54 861 120 940 ipsis
142 862 265 944 rupibus
289 863 418 943 roridis,
454 863 547 944 inque
569 863 694 927 tnrloeis
717 862 900 945 graminosis
929 879 985 944 per
1015 869 1106 927 totam
1129 879 1237 926 zonam

50 963 248 1030 intermediam
272 967 371 1031 minua
392 968 519 1051 copiose
541 981 629 1050 qoam
651 966 883 1050 praecedentia,
915 967 1015 1030 rarius
1049 969 1081 1030 in
1111 971 1235 1049 septon-

51 1068 171 1150 triomli,
195 1071 244 1134 ubi
268 1089 361 1153 prope
386 1071 536 1134 Gevaliam
561 1070 592 1134 G.
616 1069 753 1132 Harma
782 1077 871 1151 atque
894 1072 925 1133 in
948 1070 1100 1154 bopponis
1123 1069 1237 1133 Pitcnsi

48 1189 135 1253 prope
168 1170 364 1255 Armidajoor
397 1175 426 1238 S.
449 1175 592 1238 Lacunam
623 1174 765 1258 legerunt
799 1181 890 1256 atque
921 1175 1233 1256 communicaverunt3

47 1293 104 1340 var.
127 1283 155 1356 β.
178 1279 207 1341 in
233 1279 376 1343 turlaceis
399 1279 578 1342 siccioribus
601 1279 651 1341 vel
674 1277 824 1342 montibus
848 1277 1018 1340 altioribus.

127 1383 229 1448 From.
253 1391 363 1448 motor.
393 1383 484 1448 lulio.

109 1501 274 1556 libramme
292 1503 337 1556 alli
354 1506 505 1557 varietatem
524 1515 683 1573 compactam
703 1523 761 1560 cum
780 1509 906 1558 vadatate
917 1503 994 1558 simili
1007 1505 1235 1576 spbcyndit'olii

46 1599 262 1645 commavorum
278 1601 305 1644 et
322 1599 443 1645 auctores
456 1595 584 1661 Brpolop.
596 1605 716 1660 parmen.
731 1594 837 1646 formam
849 1593 961 1662 typicam
979 1591 1078 1660 speciei
1090 1608 1136 1660 pro
1148 1594 1232 1648 varia·

46 1685 93 1728 tate
119 1675 233 1730 Baracum
259 1679 323 1746 epa.
350 1679 481 1746 compacti
511 1677 586 1732 ualde
614 1679 726 1746 aorbigui
755 1677 959 1732 declaraverunt.
997 1676 1034 1729 Ne
1066 1695 1137 1730 error
1166 1678 1234 1734 ultra

44 1766 205 1818 continuetur
222 1781 315 1818 noman
334 1765 443 1833 hujusce
461 1767 499 1817 aic
518 1755 602 1819 dictae
621 1765 752 1817 varietatis
770 1781 816 1832 pro
836 1765 916 1816 forma
934 1765 1021 1833 typica
1039 1781 1170 1834 propono,
1190 1767 1233 1820 cui

43 1867 127 1904 revera
147 1855 244 1922 optime
264 1855 399 1918 convenit,
421 1869 565 1922 nomenque
588 1859 755 1920 compactum
773 1852 871 1904 lormae
895 1852 963 1905 baud
987 1849 1064 1904 dubie
1082 1854 1232 1906 variatmem

43 1940 140 2006 proprie
159 1941 197 1993 aie
216 1941 310 1994 dictam
329 1942 445 1993 sistente.

107 2026 199 2080 Forma
217 2028 341 2080 normalis
353 2043 418 2098 quae
432 2028 499 2080 baud
513 2042 569 2078 raro
581 2027 747 2093 semipedalia
759 2035 786 2077 et
797 2027 872 2080 altior
883 2029 1010 2094 provenit,
1028 2035 1102 2095 qum
1114 2027 1232 2096 pedalem

42 2111 66 2164 S.
82 2111 208 2168 barbana
226 2132 240 2168 a
259 2115 391 2184 Lapponia
409 2115 486 2178 misit,
504 2114 581 2166 lacile
601 2113 760 2182 dignoscitur
778 2111 872 2180 plautio
885 2129 997 2182 superne
1011 2115 1135 2168 uiridibus
1148 2116 1231 2168 miuus

42 2200 117 2252 denae
136 2201 271 2269 conlartia,
290 2201 358 2254 loliis
377 2200 563 2270 patentioribus
582 2199 699 2252 siccitate
718 2198 816 2266 rigidis.
853 2202 969 2254 varietas
996 2211 1085 2257 contra
1104 2203 1230 2254 densitate

40 2288 193 2344 ramulorum
211 2298 238 2342 at
255 2291 396 2358 caespitum
416 2305 465 2342 nec
485 2305 535 2340 non
553 2286 641 2340 colora
661 2288 970 2356 luscescentiuariegato,
988 2288 1115 2342 breuitate
1127 2287 1229 2356 plantae

39 2392 100 2443 qnae
119 2377 162 2430 bic
182 2376 239 2430 illic
257 2378 423 2430 semiunciam
441 2378 484 2428 vix
502 2384 622 2443 superat,
645 2373 751 2426 ramalia
775 2373 920 2428 suberectia
937 2376 1089 2430 densissime
1108 2377 1229 2430 confertis

40 2473 63 2516 et
79 2467 151 2534 quari
171 2464 321 2534 imbricatis,
341 2466 409 2523 loliis
428 2463 590 2518 breuioribus
608 2461 798 2517 aubimbricatis
816 2463 987 2530 distinguitur.

421 2641 449 2708 o.
480 2638 652 2721 splegno·
673 2635 851 2718 llndtamtt.

515 2795 612 2848 sanan.
631 2795 745 2862 nonem.

121 2935 334 3018 Speciosam,¹
356 2937 429 3019 spa.
462 2936 625 3018 mapidoto
661 2934 834 3014 robustius,
873 2953 891 2996 c
922 2931 1010 2996 viridi
1038 2931 1228 3016 ferrugineo

38 3039 223 3103 lascescens.
270 3039 370 3104 Gauiis
403 3039 545 3116 solidus„
571 3039 693 3117 luscus,
726 3040 841 3102 cortice
869 3055 886 3100 e
915 3035 1022 3118 triplici
1045 3043 1075 3098 et
1097 3035 1227 3118 quadru-

37 3143 101 3224 plici
123 3149 220 3208 strato
243 3143 416 3208 cellularum
439 3143 640 3225 inaequalium
657 3141 792 3206 lormato.
837 3141 917 3205 Folia
941 3140 1055 3204 caulina
1079 3138 1227 3222 conserta,

36 3247 159 3328 rellexa,
183 3247 243 3312 lata
266 3247 421 3330 lingulata,
444 3247 529 3330 apice
545 3243 604 3310 lata
620 3253 756 3310 truncata
772 3245 929 3324 fimbriata,
947 3245 1095 3326 stipulata,
1112 3244 1227 3308 cellulis

36 3349 214 3417 basilaribue
236 3352 403 3418 minoribus
424 3351 679 3436 sexangularibus
702 3347 926 3432 bomomorpbis
947 3349 1103 3412 l-seriatis
1130 3347 1227 3413 luteo·

36 3453 144 3537 lnecis,
176 3456 308 3522 caeteris
331 3453 516 3536 dimorpbis,
550 3453 676 3536 bpalinis
700 3453 894 3518 inlerioribus
918 3454 1066 3537 elongatis
1088 3453 1227 3536 angustis

35 3559 200 3642 interrupta
223 3559 360 3638 libroais,
394 3559 606 3641 superioribus
627 3560 719 3624 multo
742 3559 898 3623 latioribus
922 3559 972 3622 bi·
1004 3565 1037 3620 et
1057 3558 1228 3640 tripartitis,

34 3663 99 3726 sinc
121 3661 206 3728 fibris
229 3670 261 3726 et
281 3663 376 3746 poris,
400 3663 577 3746 stipularum
600 3663 726 3728 cellulae
752 3665 927 3746 superiores
949 3669 1105 3731 truncatae
1121 3663 1227 3744 partim

35 3765 174 3847 limosae,
197 3784 274 3850 poro
297 3783 358 3830 uno
381 3767 515 3832 alterove
532 3768 714 3851 perforatae.
753 3769 836 3832 lolia
850 3767 996 3832 ramulina
1011 3785 1226 3848 nonnunquam

34 3871 173 3934 distincte
195 3869 405 3952 quinquefarie
427 3871 600 3952 lumbricata,
636 3873 776 3938 seriebus
798 3873 950 3956 spiraliter
978 3871 1153 3953 obliquatis,
1187 3891 1227 3936 ex

34 3983 122 4040 ovato
145 3974 470 4058 oblongo-lanceolata,
487 3993 605 4042 summo
620 3978 705 4058 apice
721 3976 852 4054 dentata,
866 3993 1009 4055 concava,
1031 3975 1225 4056 subnitantia,

36 4077 172 4160 margine
195 4078 318 4142 interne
342 4079 488 4144 latissimo
509 4099 643 4163 superna
665 4082 778 4144 sensim
801 4080 992 4162 angustiora,
1016 4079 1132 4143 cellulis
1154 4079 1225 4162 byn-⁴

35 4181 102 4246 linis
125 4182 165 4246 ad
186 4181 250 4245 lolii
282 4183 360 4248 latus
392 4185 541 4248 internum
576 4187 671 4270 magis
701 4185 844 4248 convexis
877 4201 964 4266 quam
995 4184 1032 4250 ad
1055 4191 1224 4265 externum,

35 4286 178 4350 viridibus
201 4288 322 4352 omnino
353 4289 548 4354 absconditis.
594 4289 770 4357 Antberidia
803 4289 884 4352 iuter
916 4287 984 4352 lolia
1013 4287 1224 4352 remotiuscula

34 4390 215 4454 ramulorum
240 4391 427 4456 dellexorum
451 4394 550 4456 rarius
565 4410 674 4456 vorsus
690 4393 908 4456 extremitatem
925 4393 1103 4477 patulorum,
1121 4409 1224 4472 parurn

36 4509 205 4560 numerosa.
252 4495 429 4560 Pericbaetii
453 4497 551 4578 magni
574 4495 667 4560 indoti
698 4498 766 4564 lolia
797 4497 916 4562 tenacia
946 4496 1144 4584 latescentia,
1177 4495 1222 4564 iu·
