3140 5372
527 327 688 396 llyposceae.
1139 325 1202 388 510

50 499 188 564 oio-lusca.
232 499 401 564 Peristomii
422 517 587 582 processus
617 502 647 564 iu
678 501 778 564 carina
808 499 871 566 fissi
902 520 971 566 raro
1002 503 1098 584 liudi,
1133 506 1199 571 cilia

49 603 157 667 utnulla.
199 602 301 686 Bryol.
324 621 388 670 eur.
411 605 447 684 v,
470 603 541 670 Ταῦ.
556 602 630 670 455.

47 725 116 810 lpptu
135 726 280 788 sericeum
302 725 455 788 roomrius
477 732 507 787 et
521 727 652 804 tenuius,
669 725 806 806 capreriis
822 729 1007 794 ammtauto
1028 729 1106 794 Dum.
1123 730 1198 797 llist.

46 879 47 886 .
139 827 230 892 llusc.
252 845 279 909 p.
304 823 377 907 327,
400 835 421 890 t.
445 825 498 908 tt,
523 827 541 891 l.
566 824 618 890 62.

45 921 127 998 issico
144 933 314 1016 polyootlro
342 931 442 996 llsow.
473 931 563 1016 Stirp.
586 932 633 1014 lV,
657 953 684 1018 p.
708 931 740 1012 tl,
764 942 783 998 t.
808 932 838 997 2.
882 934 963 998 Baro.
994 937 1093 1019 Bryol.
1116 940 1196 1004 univ.

137 1037 272 1100 mama
295 1036 403 1101 Slaaod.
427 1037 467 1102 tt.
511 1037 556 1099 Da
577 1035 704 1101 Nomars
729 1037 800 1119 Syll.
845 1039 966 1103 Wrasoa
996 1039 1095 1122 Bryol.
1124 1043 1196 1108 Brit.

43 1137 149 1222 lppcum
175 1141 363 1222 polyoctioc
397 1141 516 1204 Soanos.
551 1142 649 1224 Spicil.
695 1142 789 1206 lloott.
819 1149 850 1205 et
882 1143 966 1210 Tura.
996 1145 1088 1210 llusc.
1123 1146 1194 1210 Brit.

136 1245 167 1308 0.
191 1245 305 1308 Musam
329 1246 456 1328 Syuops.

95 1367 194 1431 lloiic
217 1367 253 1430 ad
276 1367 417 1430 arborum
438 1369 650 1449 campestrium
673 1377 813 1450 truncos,
843 1369 879 1434 od
908 1371 990 1454 ligna
1019 1369 1193 1452 fabrefacta,

39 1471 104 1532 roos
123 1471 160 1535 ad
181 1489 255 1536 saxa
277 1479 432 1536 etmuros
454 1490 510 1554 per
532 1473 689 1556 regionem
704 1481 905 1556 campestrem
928 1474 1019 1540 totius
1034 1473 1191 1557 Europae3

38 1577 133 1638 muium
155 1577 222 1640 lere
244 1577 458 1659 vulgatissimo.

91 1683 190 1747 Fruct.
213 1689 322 1746 motor.
345 1689 518 1761 auctumuo,
542 1679 664 1762 hyeme,
688 1681 804 1746 tructus
827 1683 1035 1766 copiosissimi

78 1803 112 1855 Cl.
130 1803 232 1858 litam
249 1803 324 1857 ualde
342 1813 410 1856 errat
427 1820 484 1856 cum
503 1803 656 1870 Pyloisim
672 1805 875 1858 ister-onolton
892 1813 1005 1858 nostram
1022 1806 1190 1858 americum

35 1891 133 1958 illm.
151 1892 341 1959 emplastum
359 1889 446 1956 Tarm,
473 1890 541 1959 quod
566 1891 602 1944 au
624 1891 656 1942 H.
675 1891 891 1958 cupressiferae
914 1893 1037 1960 pertinet,
1066 1892 1097 1944 ad
1124 1893 1191 1946 hauc

34 1979 112 2030 orclem
129 1979 219 2032 retest

403 2115 479 2179 Geo.
502 2114 531 2180 2.
576 2114 779 2180 TllllltllNlA.

436 2253 522 2308 sesae.
541 2255 566 2306 in
582 2252 669 2322 Bryol.
689 2269 743 2306 eur.
793 2325 796 2330 Ι

85 2375 205 2440 Hantae
228 2377 369 2456 tenellae,
391 2375 553 2457 demissae,
576 2377 947 2460 inuocato-mespilarios,
970 2395 1046 2462 vege
1069 2385 1099 2442 et
1115 2379 1186 2442 sub·

28 2479 136 2544 lunatim
161 2498 302 2546 ramosae
324 2487 356 2542 et
377 2480 558 2561 ramulosoe,
582 2480 698 2562 molles,
722 2479 863 2544 rsdiculis
887 2481 994 2563 paucis
1011 2483 1186 2547 instructae.

28 2583 78 2644 'olia
101 2587 129 2648 in
153 2585 262 2649 eadem
286 2585 383 2668 planto
407 2582 625 2648 diversilormia
657 2586 943 2649 acuminato-ovata
977 2592 1008 2648 ct
1038 2586 1135 2650 ovatio
1156 2588 1185 2649 ln

27 2689 141 2768 piculam
164 2691 289 2775 longum
311 2689 480 2752 flexuosum
503 2689 656 2769 exeuntia,
679 2689 809 2772 integra,
833 2697 976 2768 ecostata,
999 2689 1185 2771 mollissime,

27 2791 191 2858 uedioeritcr
214 2793 467 2876 chloroplryllosa,
499 2795 558 2856 reti
589 2792 704 2856 laxiore
735 2811 869 2876 superne
899 2793 1045 2858 rhombeo
1067 2794 1185 2857 interne

27 2893 120 2976 uguite
143 2896 344 2962 rhomboideo
376 2896 413 2962 ad
442 2898 523 2961 basis
552 2897 679 2980 angulos
710 2896 865 2979 quadrato.
911 2897 1015 2960 fflores
1044 2915 1184 2962 numero-

27 3003 103 3065 ssimi
126 3003 271 3084 moncioi,
295 3003 417 3066 masculi
441 3003 471 3065 io
493 3001 624 3066 ramulis.
670 3001 807 3084 Gelpptra
831 3019 954 3085 magna,
983 3000 1020 3064 ad
1044 3002 1183 3084 capsulse

27 3107 77 3168 taio
99 3107 257 3189 producta.
301 3107 428 3190 Capsula
451 3107 561 3170 leniter
583 3124 714 3187 cernua,
749 3125 789 3169 ex
816 3105 1062 3188 ovato-oblongo
1090 3105 1182 3186 cylin-

27 3225 118 3292 taces,
142 3210 348 3294 leptodcrma‚
373 3211 503 3292 luteola,
527 3211 669 3293 operculo
692 3211 813 3293 oblique
835 3210 1041 3289 tenuirostro,
1073 3209 1184 3272 annulo

27 3314 82 3380 ullo.
127 3315 299 3380 Peristomii
324 3315 481 3398 majusculi
503 3314 612 3379 dentes
634 3315 690 3378 sub
713 3315 852 3398 capsulae
875 3313 1020 3378 orificium
1036 3313 1182 3393 orientes,

27 3419 284 3497 reali-lanceolati,
322 3420 536 3500 crassiusculi,
574 3419 829 3484 articulatiooilrus
861 3419 935 3484 satis
972 3417 1182 3500 approximatis

27 3529 70 3584 tua
92 3533 123 3587 ct
146 3531 239 3587 extus
262 3523 457 3606 prominulis,
481 3524 685 3604 lutesceutes,
721 3521 1038 3608 hyalino-marginal,
1071 3522 1181 3584 interni

27 3628 165 3690 embraoa
191 3627 329 3692 basiluris
352 3626 389 3690 ad
413 3627 528 3691 medios
544 3628 653 3692 denus
668 3634 820 3711 porrecto,
844 3629 954 3692 camois
971 3629 1002 3690 io
1017 3642 1181 3708 processus

27 3739 96 3794 rates
120 3737 306 3814 superantes
327 3737 468 3814 pertusos
490 3731 663 3814 productis,
694 3731 803 3796 ciliolis
830 3732 997 3816 interjectis
1028 3731 1179 3794 brevibus.

27 3835 135 3900 uitatio
158 3838 295 3900 interra
321 3834 456 3900 humosa.

76 3940 182 4002 Genus
205 3938 404 4021 paradoxum,
427 3957 495 4002 cum
518 3939 636 4024 singula
658 3940 817 4022 hucusque
837 3946 909 4004 uota
931 3938 1035 4022 specie
1057 3937 1181 4002 mollitie

27 4051 156 4108 rotarum
190 4051 222 4106 et
253 4043 390 4106 loliorum
424 4045 481 4107 reti
519 4044 634 4108 laxiore
670 4044 899 4108 Hebroalootcir
928 4043 1055 4107 similius
1092 4060 1179 4125 quem

27 4147 163 4228 plessicio,
188 4166 257 4211 cum
281 4147 388 4230 quibus
412 4155 512 4212 eutem
535 4147 659 4212 tloribus
683 4157 771 4231 etque
795 4149 892 4212 fructu
914 4149 1022 4213 melius
1044 4145 1178 4230 quadrat.

73 4251 192 4315 Nomen
216 4250 415 4315 inhonorem
439 4243 585 4316 acerrimi
601 4251 741 4337 Bryologi
758 4253 885 4316 Suecani
907 4252 940 4318 ll.
956 4245 1004 4316 tr.
1020 4253 1178 4316 Tasomus

27 4355 236 4439 urmscopolae
252 4355 427 4420 holmiensis
444 4357 618 4436 institutum,
636 4359 686 4440 qui
702 4365 802 4440 typum
818 4359 943 4442 generis
960 4357 1072 4420 detexit
1087 4364 1176 4438 etque
1224 4437 1239 4468 Ο

27 4459 81 4520 uice
103 4459 347 4524 communicavit.
