3106 5370
459 389 642 447 Funeriaeeae.
1080 387 1142 453 m

16 583 60 632 nte
78 565 277 644 meridionalis,
302 566 464 648 praecipue
487 564 591 630 ltaliae
614 575 646 631 et
668 569 844 650 insularum,
868 570 1025 634 rarissime
1047 570 1142 632 inter-

16 673 82 736 eliae.
121 672 149 735 ln
169 674 275 737 Africa
299 672 537 755 septentrionali,
563 675 644 739 unde
666 673 883 737 Dasroarmnss
905 675 1021 756 primos
1039 669 1143 736 retulit

16 776 66 837 :nbi
84 778 172 841 serias
196 777 244 841 W.
268 778 407 841 Scamsa
432 777 555 860 copiose
582 777 666 862 legit,
689 776 768 842 haud
789 795 888 843 raras.
1043 771 1045 776 ’

51 880 267 946 tractamur.
293 883 389 964 primo
412 899 496 945 rere.

40 1000 110 1054 llidert
125 1019 139 1054 a
157 1003 371 1070 praecedentibus
394 1002 498 1070 capsula
521 1003 644 1068 demissa,
673 1013 855 1070 macrnatonna,
882 1003 1143 1075 molli,eollol1and

16 1099 69 1154 rapto
90 1091 129 1142 aad
155 1089 284 1144 defluente
308 1093 438 1144 irrtmctr.
475 1089 515 1143 Ad
541 1091 665 1144 Enlutl.
693 1091 814 1145 Rottleri
840 1093 992 1154 (lloltlerla
1008 1101 1143 1162 yynnoat.

16 1181 50 1238 tal
64 1180 162 1245 proxima
179 1181 292 1244 aceedit,
310 1177 431 1247 capsulae
449 1177 580 1247 prdieello
598 1189 707 1232 carrata
723 1181 866 1233 distinetur.

50 1353 115 1416 Seel.
135 1355 175 1421 11.
219 1355 492 1419 Perirtomiom
513 1355 760 1436 repuleriter
782 1353 1056 1419 ili-dentatum.

303 1495 332 1562 t
361 1493 566 1562 intestinius
593 1493 784 1576 impletam

360 1632 454 1686 Weiria
473 1631 632 1702 Templetoai
650 1631 730 1686 ilona.

49 1751 142 1816 Larius
164 1754 332 1819 densiasae
353 1759 525 1842 gregarius.
560 1758 641 1823 Folia
664 1756 780 1824 caulina
802 1775 895 1840 pauca
911 1755 997 1821 valde
1014 1765 1144 1837 remota,

19 1856 80 1920 mlia
100 1859 126 1920 in
148 1860 285 1924 rasulam
307 1869 459 1944 patentem
481 1863 528 1925 vel
552 1861 619 1926 laxe
641 1862 826 1925 imbricatam
849 1869 1016 1946 congesta,
1040 1860 1140 1944 quoad

17 1971 81 2022 mam
101 1964 260 2044 variantia,
285 1964 345 2029 late
369 1965 509 2029 oboralo-
535 1965 582 2028 vel
606 1965 940 2050 sportulam-oblonga,
964 1967 1144 2046 acuminata,

18 2067 91 2144 opine
118 2067 236 2132 cellulis
265 2071 443 2151 prominnlis
470 2073 580 2134 leniter
612 2070 764 2153 inaequali
796 2089 853 2134 nec
884 2071 1022 2150 dentato,
1052 2070 1146 2134 limbo

19 2180 134 2252 nnqastn
156 2181 304 2256 costaque
327 2183 396 2238 ante
419 2177 532 2258 apicem
563 2175 687 2240 finiente
719 2176 816 2242 luteis.
862 2175 990 2257 Capsula
1019 2194 1037 2238 a
1069 2173 1147 2240 eollo

20 2277 113 2358 imagin
135 2276 275 2362 longiore
300 2279 451 2346 defluente
474 2281 588 2344 sensim
611 2279 763 2362 ampliata,
797 2280 930 2363 indeque
962 2279 1147 2362 pprilormis‚

19 2375 66 2456 ilis,
86 2380 190 2446 luteola
215 2384 336 2446 demum
360 2405 378 2448 e
402 2384 486 2448 viridi
508 2386 688 2466 rulo-lusca,
713 2386 793 2449 sicca
816 2392 953 2450 truncata
977 2403 1069 2448 vacua
1095 2383 1147 2446 ob-

21 2479 75 2562 ita,
102 2487 223 2552 sulcata.
271 2489 440 2552 Peristomii
471 2487 579 2553 dentes
608 2509 625 2552 a
653 2491 720 2554 basi
748 2490 855 2554 latiore
885 2488 1057 2554 confluente
1081 2485 1145 2554 lan·

20 2581 212 2654 alan-satutant
239 2594 375 2676 margine
399 2593 571 2676 inaequales
596 2603 684 2658 extas
708 2594 894 2674 trabeculati,
919 2597 948 2658 in
972 2595 1051 2658 linea
1075 2593 1148 2656 divi·

20 2689 55 2750 nli
87 2698 202 2778 saepius
241 2699 374 2780 pertusi,
412 2699 535 2780 rubelli,
574 2699 710 2762 siccitate
749 2698 1145 2782 depresso-conniventes.

20 2797 59 2872 pol.
79 2817 136 2862 eur.
159 2801 208 2881 tlt,
233 2802 305 2866 aab.
323 2800 395 2868 302.

20 2916 285 3008 terremtatem
309 2925 387 2990 loliis
412 2925 691 2990 ovato-laneeolatis
715 2925 820 3005 acutia,
844 2925 964 3006 capsula
987 2941 1054 2988 aum
1077 2941 1149 3006 apo·

89 3027 168 3110 physi
192 3037 325 3113 anguste
348 3030 510 3112 pyriiormi,
532 3031 679 3112 operculo
702 3027 887 3112 planiusculn
909 3027 1002 3094 Hooa.
1027 3031 1056 3092 in
1073 3028 1150 3092 Flor.

86 3132 174 3200 Lond.
199 3133 249 3202 ed.
274 3133 304 3198 2.
328 3155 354 3198 c.
378 3136 415 3200 ic.
460 3135 552 3200 Hoon.
576 3142 608 3198 ei
629 3136 713 3198 Tam.
740 3135 832 3196 Musc.
854 3131 926 3197 Bril.

19 3237 99 3296 naria
121 3239 311 3322 Templetoni
334 3241 419 3302 Sarra
441 3240 483 3302 Fl.
505 3239 576 3304 Brit.
604 3239 695 3324 Engl.
716 3237 780 3302 Bot.
803 3245 824 3301 t.
848 3233 943 3300 2433.

19 3332 140 3404 laetam
160 3345 288 3408 lorcam
323 3344 487 3409 Scnwaaaa.
519 3345 609 3426 Suppl
631 3342 657 3424 Ι,
690 3343 720 3406 Ρ.
743 3341 771 3423 Ι,
808 3360 835 3423 p.
859 3339 900 3406 55
933 3347 987 3414 (ex
1010 3339 1148 3421 autopsia

89 3448 207 3529 specim.
234 3449 354 3530 origl).
948 3455 953 3466 '

19 3543 209 3624 lyaeomitrinm
234 3553 394 3616 Soleirolii
416 3553 572 3617 Mamaeae
601 3555 632 3616 in
655 3551 763 3616 Annal.
796 3549 824 3614 d.
849 3549 896 3612 Sc.
927 3556 1024 3614 natur.
1051 3545 1152 3628 18573

90 3659 120 3734 (e
142 3657 313 3740 specimine
335 3657 373 3720 ab
396 3665 520 3722 anctore
542 3657 803 3734 communicatot).

20 3769 202 3828 mnortomnm
227 3763 394 3842 latifolinm
417 3761 532 3824 Taorts
554 3763 583 3825 in
606 3760 709 3824 selred.
734 3763 765 3835 (e
788 3757 911 3840 specim.
934 3757 1114 3840 originalil).

20 3863 170 3930 dorllodon
195 3867 387 3948 Ternpleloni
424 3867 587 3929 Scantiam.
618 3862 717 3946 suppl.
748 3860 782 3925 tl.
827 3858 906 3923 Baro.
941 3859 1040 3941 Bryol.
1071 3859 1153 3926 unia.

94 3967 140 4032 Ba.
162 3979 193 4034 et
216 3971 285 4034 Sca.
309 3968 408 4051 Brynl.
432 3987 498 4032 ear.
542 3969 586 4032 Da
607 3968 715 4031 Norae.
740 3963 810 4046 Syll.
846 3963 877 4029 Ο.
895 3962 1009 4026 naama
1025 3963 1153 4045 Synops.

93 4073 207 4138 Wrasoa
233 4073 333 4155 Bryol.
356 4061 426 4139 Brit.
540 4145 544 4154 ,

60 4190 148 4258 llodit.
170 4197 207 4259 ad
233 4213 387 4280 aggeres,
409 4197 440 4258 in
465 4195 555 4258 lossis
578 4191 755 4272 exsiccatis,
788 4197 819 4252 et
841 4189 871 4252 in
894 4189 1011 4270 rupium
1034 4187 1153 4252 fissuris

21 4295 96 4358 midis
116 4307 191 4364 terra
216 4301 366 4382 impletis,
399 4299 576 4382 plerumque
598 4297 681 4360 socio
703 4295 740 4358 Ε.
763 4295 946 4356 ericetorom
969 4291 1071 4356 et'hic
1094 4291 1154 4355 illie

21 4403 105 4465 ltalia
125 4425 265 4470 ennoean
287 4424 343 4488 per
366 4421 473 4468 aonam
498 4401 739 4479 meridionalem,
771 4398 870 4462 rarius
899 4399 930 4460 in
956 4403 1040 4478 parte
1065 4397 1154 4458 meri-

22 4503 82 4566 tnali
105 4525 196 4574 zonae
228 4507 447 4587 intermediae,
480 4509 555 4570 satis
587 4506 709 4590 copiose
741 4505 773 4566 in
806 4501 967 4580 Hibernia,
1001 4501 1102 4564 Scolia
1124 4507 1156 4564 et
