3106 5370
372 379 437 442 ”8
902 383 1043 451 llrpsceau.

442 565 500 618 Var.
527 560 556 624 ll.
585 563 690 614 lemnam
716 560 889 612 abbreviatam
923 559 988 610 Wsd.
1013 557 1184 626 longicollus,
1213 561 1256 612 eui
1285 563 1413 614 associata
1438 561 1531 626 parem.

372 653 483 718 simulat,
499 650 568 702 eollo
586 659 670 702 autem
689 648 808 701 breviore
828 648 908 714 primo
926 647 1019 698 intuitu
1036 647 1207 716 distinguitur.
1231 648 1280 700 Vix
1298 649 1532 700 dubiumsvsrtrmn

372 743 474 809 species
492 738 578 790 ambas
597 747 655 790 ante
673 735 764 788 oeulos
782 734 902 786 babuisse
927 749 983 784 eum
1010 735 1115 800 Bryant
1137 735 1314 802 longicollus·
1338 753 1411 788 suun
1431 735 1533 802 descripto

372 839 448 897 atque
467 826 614 880 delineavit.

806 943 834 996 0.
871 945 995 996 flores
1017 941 1131 996 divisi.

757 1067 785 1134 8.
815 1067 946 1137 webers
967 1065 1173 1148 spbtguiooie

792 1207 837 1260 Bn.
856 1217 883 1262 et
901 1207 956 1260 Sca.
976 1206 1063 1274 Bryol.
1082 1225 1135 1261 eur.

459 1333 578 1396 Plantae
616 1331 647 1393 iu
685 1329 892 1414 Spbagnorum
930 1329 1111 1411 caespitibus
1148 1329 1301 1394 solitariae
1344 1331 1394 1394 vei
1427 1329 1534 1397 sechia

373 1438 589 1523 longissimae,
613 1435 808 1519 gracillimae,
832 1451 981 1515 ramosae,
1006 1435 1090 1498 caule
1112 1443 1377 1518 atro-purpureo.
1422 1434 1490 1498 Folia
1506 1435 1535 1492 b

372 1542 484 1606 tertom
505 1539 593 1604 valde
623 1547 754 1618 remota,
787 1539 917 1618 minuta,
949 1540 1249 1620 acuminato-ovata,
1283 1541 1445 1622 superiora
1469 1551 1534 1616 mut

371 1648 529 1731 magisque
551 1645 687 1708 conlerta
710 1645 885 1726 sensimque
901 1645 1024 1725 majom‚
1048 1643 1202 1728 elongato·
1219 1653 1250 1708 et
1265 1643 1534 1708 lineali-lauceobtt.

372 1754 456 1835 apice
479 1757 607 1829 serrata,
630 1747 732 1812 nitida.
778 1747 877 1812 Planta
899 1747 1031 1810 muscula
1044 1747 1171 1812 leminea
1187 1748 1296 1828 minor,
1315 1748 1420 1812 minus
1433 1765 1534 1810 muca:

370 1855 528 1940 perigenis
552 1851 779 1931 subdiscoideu‚
807 1851 974 1918 antberidia
997 1853 1027 1916 iu
1049 1852 1188 1918 loliorum
1212 1854 1446 1937 perigenialium
1466 1853 1523 1914 rsi'

370 1979 427 2044 per
458 1959 541 2040 paria
575 1956 730 2038 disposita.
776 1956 903 2040 capsula
939 1958 970 2020 in
1010 1955 1155 2039 pedicello
1191 1957 1380 2042 longissimo
1420 1957 1535 2026 inclirutt.

370 2063 517 2148 oblongo·
541 2069 573 2123 et
594 2061 919 2142 obovato-ppriiormis,
943 2061 1052 2144 pallide
1074 2060 1256 2146 ferruginea.
1303 2061 1408 2146 Bryoi
1431 2081 1486 2124 eur.
1503 2057 1534 2121 ll.

371 2168 441 2232 Tab.
459 2163 531 2233 349.

457 2289 558 2352 lichit.
583 2289 613 2350 in
636 2287 810 2371 sphagnetis
834 2286 988 2368 profundis
1012 2285 1047 2348 ad
1069 2286 1165 2350 lacum
1190 2285 1335 2368 Lycopen
1360 2305 1453 2370 prope
1477 2285 1530 2346 [bn

372 2393 510 2458 stianiam
537 2392 588 2454 ubi
620 2407 699 2454 anuo
725 2387 807 2454 1844
828 2391 942 2473 primus
973 2392 1048 2472 legi,
1078 2391 1111 2454 in
1141 2389 1218 2472 Alpe
1252 2391 1441 2472 Dourepeot
1469 2404 1531 2471 prop

369 2497 477 2561 Jerltin
501 2496 553 2574 (cl.
576 2496 678 2570 Larte.)

456 2600 559 2662 Fruct.
581 2605 692 2660 matur.
715 2596 813 2662 lucio.

438 2718 568 2771 Foliorum
588 2727 614 2768 et
631 2715 751 2785 capsulae
769 2719 850 2771 forma
874 2719 910 2768 W.
930 2719 1039 2770 autumi
1055 2721 1177 2787 proxima,
1195 2719 1394 2774 innotescentis
1413 2723 1446 2773 W.

441 2804 508 2859 Glar.
529 2804 680 2870 obtusus,
698 2807 724 2860 in
742 2805 942 2874 surrepsisse,
966 2807 1079 2874 speciem
1098 2809 1161 2860 banc
1180 2809 1236 2860 sine
1255 2809 1360 2860 ratione
1380 2827 1438 2862 euti
1455 2807 1510 2858 trie

371 2895 421 2946 ur.
439 2895 555 2962 epbognt‘
574 2893 718 2962 coniungit,
745 2895 949 2964 quodquidam,
978 2903 1006 2946 ut
1022 2910 1037 2944 e
1054 2895 1236 2962 speciminibus
1255 2913 1270 2947 a
1290 2895 1330 2947 Dr
1351 2911 1383 2948 ts
1403 2895 1481 2948 Prosus
1495 2895 1529 2955 ipss

370 2981 579 3050 provenientibus
597 2991 623 3033 et
641 2983 665 3032 in
684 2981 802 3034 herbario
820 2997 877 3034 meo
895 2983 1031 3034 asservatis
1048 2981 1148 3046 elucet,
1177 2981 1212 3034 nii
1237 2983 1309 3036 aliud
1335 2993 1377 3036 est
1395 2999 1463 3054 qua·
1479 2981 1531 3030 iam

370 3067 540 3136 pulcherrima
558 3069 733 3137 gracilescens
752 3071 802 3120 ttr.
822 3069 944 3134 boeotii,
963 3085 1028 3138 quae
1049 3071 1124 3122 etiam
1143 3071 1209 3138 apud
1228 3085 1276 3122 eos
1296 3072 1322 3123 in
1349 3073 1464 3124 mutium
1479 3078 1528 3134 [¹¹³

369 3155 503 3225 uliginosis
521 3157 647 3224 Provenit.

778 3312 805 3380 9.
835 3312 966 3381 Webers
986 3311 1156 3395 Soiinpert.

680 3453 731 3504 Br.
751 3453 872 3506 rudiunt
890 3451 941 3520 tta.
961 3453 1056 3506 etsta
1075 3451 1163 3519 Bryol.
1182 3469 1237 3506 eur.

455 3573 558 3636 Dense
587 3574 770 3655 caespitosa,
808 3577 959 3657 caespites
989 3581 1253 3657 purpurascentes.
1302 3575 1406 3640 Cauiis
1438 3569 1523 3656 grain

370 3676 610 3740 innovationibus
633 3684 662 3740 ct
682 3679 806 3742 ramulis
821 3678 975 3743 sterilibus
990 3695 1138 3743 ramosus.
1176 3677 1257 3742 Folia
1273 3681 1420 3744 inieriors
1433 3683 1526 3742 met

369 3779 490 3857 minuta,
512 3789 598 3843 ovata
621 3783 799 3864 acuminata,
823 3787 979 3865 superiora
1002 3791 1032 3846 et
1053 3801 1170 3847 summu
1193 3782 1223 3844 iu
1239 3801 1360 3848 comam
1376 3785 1439 3848 laxe
1452 3783 1522 3842 isbo-

370 3891 465 3946 catam
489 3884 639 3968 conferta,
672 3887 824 3970 oblongo·
856 3895 888 3949 ct
916 3887 1270 3971 elongato-lanceolata,
1307 3891 1394 3971 upiee
1422 3883 1521 3948 obsnio

369 3986 533 4066 serrulata,
557 3988 619 4052 sola
641 3989 761 4056 novella
783 3991 899 4072 viridia,
924 4000 1041 4057 caetera
1065 3995 1334 4073 purpurascentia3
1358 3993 1450 4056 intima
1469 4003 1520 4068 pso·

369 4089 525 4154 cbaetialia
548 4093 669 4176 parvula
691 4093 857 4158 lanceolata
880 4095 918 4158 ud
933 4095 1016 4160 basin
1033 4113 1130 4178 usque
1145 4101 1274 4158 serrata.
1308 4095 1430 4178 Capseis
1444 4099 1519 4154 uuum

369 4193 418 4256 vel
440 4194 578 4276 pendula,
602 4215 668 4259 cum
692 4197 769 4260 collo
784 4196 930 4262 tumidulo
946 4198 1082 4262 breviore
1098 4198 1427 4284 oblongo—puniormis.
1444 4193 1518 4258 nolle

367 4297 522 4362 lutesoens
545 4299 662 4364 demum
687 4301 876 4364 luscescens.
921 4300 1100 4386 operculum
1123 4302 1507 4384 depresseconvemu.u

367 4403 436 4487 pilia
459 4404 544 4470 brevi
567 4407 753 4470 instructum.
801 4407 1007 4472 Peristomium
1029 4407 1080 4470 ilio
1108 4405 1150 4472 W.
1173 4409 1315 4470 natum
1338 4409 1442 4473 mbas.
1465 4419 1513 4464 cus

369 4509 501 4604 nodosis.
546 4508 644 4591 Brvoi.
667 4529 731 4574 eur.
754 4509 802 4590 tv,
826 4511 897 4576 lab.
914 4509 984 4576 350.
